2620 4200
483 348 584 402 LIBER
596 347 677 400 XXX.
708 357 856 400 trauan.
1067 347 1124 408 237

204 496 224 532 “
232 492 363 566 conditio,
386 501 416 550 ut
437 484 624 568 crinm'prostt
636 491 712 548 vobis
725 490 808 556 fraus,
821 487 920 563 petitis.
959 486 1058 562 Neque
1076 507 1124 565 ραι·

205 576 223 608 “
232 580 287 626 tres
306 570 390 628 nostri
402 570 506 644 'priores
517 571 551 626 de
565 569 670 638 Sicilia,
684 586 773 646 neque
795 585 845 624 nos
862 566 896 622 de
910 565 1043 639 Hispanis
1056 568 1122 626 feci·

204 653 223 686 “
231 666 293 704 mus
306 647 422 704 bellum:
448 658 478 704 st
489 659 556 705 tunc
573 646 799 704 Mamertinorum
812 643 947 700 sociorum
959 643 1120 716 periculum,

204 731 259 780 “et
271 743 345 782 nune
359 725 474 798 Sagunti
498 725 649 782 exscidium
670 721 749 780 nobis
767 721 813 795 pia
832 739 865 777 ac
882 720 956 794 justa
975 720 1123 780 induerunt

181 806 312 858 st‘arma.
363 801 421 858 Vos
445 802 594 867 lacessisse,
614 812 643 857 et
667 811 697 856 tu
720 799 777 873 ipse
797 797 897 868 sateris,
917 807 946 853 et
967 795 1020 853 Dei
1039 808 1122 856 tester

202 882 307 946 “sunt5
338 878 510 953 quietillius
530 877 593 935 belli
613 878 717 934 exitum
737 875 889 932 secundum
903 875 1054 950 jussaeque
1075 876 1122 934 de·
1176 892 1180 912 ¹

200 953 335 1025 “derunt,
362 967 390 1013 et
416 956 495 1029 hujus
517 956 585 1011 dant
606 965 634 1010 et
653 953 766 1010 debunt.
805 952 890 1012 Quod
904 953 938 1010 ad
951 971 995 1010 me
1016 953 1121 1021 attinet,

200 1034 218 1070 ‘⁸
227 1042 255 1087 et
267 1031 394 1088 humana
407 1031 570 1088 infirmitatis
582 1031 705 1102 memini,
727 1040 756 1086 et
775 1031 829 1086 vim
844 1028 958 1086 sortunae
972 1040 1074 1104 reputo,
1094 1042 1123 1089 et

200 1108 328 1174 “omnia,
349 1125 528 1182 quecumque
553 1109 669 1184 agimus,
695 1107 819 1181 subjecta
837 1121 902 1164 erse
918 1107 992 1164 mille
1013 1108 1122 1165 casibus

169 1185 294 1240 ro‘tscio.
333 1183 479 1252 Caterdm,
492 1186 722 1259 quemadmodum
745 1183 860 1257 superbe
880 1194 909 1240 et
927 1185 1057 1240 violenter
1076 1203 1122 1242 me

200 1261 325 1319 “faterer
339 1262 439 1328 lacere,
459 1262 482 1318 si
502 1263 589 1335 prius,
602 1262 683 1336 quim
705 1261 733 1316 in
752 1260 876 1318 Africam
896 1261 1072 1334 traiecissem,
1092 1274 1121 1320 te

200 1341 218 1378 ‘⁶
227 1339 274 1394 tui
293 1340 429 1396 voluntate
440 1340 586 1406 cedentem
608 1337 695 1407 Italia,
709 1347 747 1412 ct,
760 1337 885 1411 imposito
908 1338 936 1394 in
950 1357 1033 1396 naves
1045 1359 1121 1396 exer·

199 1419 217 1454 “
227 1415 293 1488 citu,
307 1417 395 1490 ipsum
410 1416 565 1472 venientem
579 1416 613 1494 ad
634 1433 730 1490 pacem
751 1415 897 1488 petendam
920 1415 1097 1488 adspernerer
1110 1436 1123 1485 ς,

198 1496 216 1528 “
225 1493 265 1548 sic
278 1512 363 1560 nunc,
377 1512 460 1568 quum
473 1495 556 1568 prope
571 1511 654 1548 manu
668 1491 794 1548 conserti
812 1491 979 1549 restitantem
993 1510 1026 1549 ac
1039 1494 1120 1570 tergi-

167 1572 216 1618 15“
225 1580 376 1627 versantem
391 1571 420 1626 in
434 1570 557 1642 Africam
579 1569 744 1640 attraxerim,
758 1568 833 1625 nulli
846 1587 906 1625 sum
920 1569 969 1626 tibi
989 1587 1120 1627 verecun-

198 1645 268 1702 “dit
288 1647 442 1704 obstrictus.
482 1647 600 1704 Proinde
621 1646 644 1702 si
663 1645 728 1719 quid
742 1646 777 1702 ad
796 1664 840 1716 en,
861 1645 889 1702 in
909 1665 969 1719 quae
989 1657 1045 1702 tum
1065 1666 1123 1722 pax·

197 1729 215 1761 “
224 1733 393 1780 conventura
418 1723 560 1780 videbatur
590 1722 664 1796 (quae
690 1722 754 1793 sint,
774 1723 870 1799 ndsti),
897 1719 988 1779 mulla
1008 1723 1120 1781 navium

197 1805 285 1858 “curn
300 1811 453 1858 commeatu
466 1819 515 1874 per
534 1800 660 1856 inducias
683 1811 899 1874 expugnatarum
915 1800 1117 1874 legatorumque

196 1877 382 1933 “violatorum
395 1877 531 1950 adjicitur,
545 1886 594 1946 est,
608 1875 679 1949 quod
698 1875 813 1932 referam
826 1876 860 1932 ad
874 1875 1027 1933 consilinm.
1066 1880 1118 1936 Sin

163 1953 269 2010 ao“illa
282 1971 386 2026 quoque
407 1953 499 2026 gravia
522 1953 656 2018 videntur,
678 1952 779 2008 bellum
801 1951 904 2025 parate,
926 1955 1052 2025 quoniam
1069 1974 1116 2029 pa-

196 2031 284 2086 “cem
298 2030 354 2104 pati
375 2047 430 2084 non
451 2029 603 2103 potuistis.’'
642 2027 686 2084 Ita
708 2028 812 2084 inlecti
832 2047 908 2102 pace,
929 2047 963 2086 ex
983 2031 1117 2105 colloquio

196 2108 230 2163 ad
244 2125 307 2164 suos
319 2125 402 2180 quum
416 2124 445 2161 se
465 2105 637 2179 recipissent,
657 2105 755 2161 srustre
777 2105 859 2182 rerba
875 2105 977 2180 jactata
996 2109 1122 2164 renunti-

195 2195 259 2241 ante
280 2183 362 2239 armis
375 2183 579 2240 decernendum
593 2200 663 2249 esse,
677 2181 884 2255 habendamque
898 2201 958 2238 carn
972 2182 1115 2256 fortunam,

194 2279 275 2335 quarn
290 2260 337 2317 Dii
350 2259 498 2316 dedissent.

160 2428 185 2470 se
212 2414 340 2474 XXXII.
362 2416 396 2473 In
404 2417 494 2488 cestra
502 2425 581 2490 utest
590 2424 708 2487 ventum,
716 2414 893 2491 pronuntiant
901 2415 990 2483 ambo,
1002 2417 1115 2476 “Arma

194 2491 381 2568 “expedirent
392 2493 493 2550 milites
506 2494 663 2568 animosque
677 2491 712 2550 ad
725 2513 881 2568 supremum
896 2505 1044 2562 certamen,
1059 2514 1114 2553 non

193 2573 211 2606 “
221 2570 249 2626 in
263 2589 348 2627 unum
363 2561 445 2640 diem,
459 2571 506 2628 sed
520 2561 548 2628 in
561 2581 730 2646 perpetuum,
754 2572 776 2627 si
796 2571 911 2628 felicitas
924 2572 1038 2643 adesset,
1060 2573 1116 2631 nio·

194 2651 212 2682 “
221 2657 300 2704 tores.
340 2645 432 2705 Roma
445 2667 479 2703 an
494 2647 632 2722 Carthago
641 2648 703 2722 jura
715 2649 844 2723 gentibus
857 2649 942 2719 daret,
966 2659 1029 2707 ante
1042 2669 1116 2708 oras-

164 2761 171 2770 ·
194 2723 305 2779 “tinam
318 2728 428 2780 noctem
442 2725 575 2781 scituros:
602 2726 777 2798 nequeenim
791 2725 924 2795 Africam,
938 2725 1112 2798 autItaliam,
1160 2757 1163 2768 ·

161 2811 185 2850 ac
194 2803 213 2836 a
222 2800 269 2855 sed
282 2800 376 2856 orbern
390 2809 531 2867 terrarum,
545 2802 664 2859 vietoriae
686 2802 827 2876 premium
842 2801 918 2869 sore;
947 2820 994 2875 par
1007 2805 1114 2876 pericu·

193 2875 276 2932 “lum
303 2877 424 2951 premio,
450 2877 549 2950 quibus
574 2879 692 2935 adversae
717 2897 815 2954 pugnae
846 2878 953 2936 fortuna
972 2878 1066 2936 suisset
1080 2882 1114 2939 :¹⁷

191 2972 255 3010 nam
282 2972 371 3028 neque
397 2954 533 3011 Romanis
559 2955 690 3028 effugium
718 2954 803 3012 ullum
831 2956 940 3030 patebat
965 2955 994 3012 in
1022 2957 1113 3014 alienis

191 3029 338 3106 ignotique
369 3032 459 3099 terrie3
497 3041 525 3087 et
554 3030 723 3106 Carthagini,
754 3051 879 3107 supremo
898 3032 998 3089 auxilio
1017 3029 1112 3106 effuso,

192 3108 288 3164 adesse
308 3107 449 3164 videbatur
473 3125 593 3180 presens
618 3109 779 3166 exscidium.
826 3109 872 3164 Ad
891 3108 944 3165 hoo
963 3109 1113 3168 discrimen

158 3183 342 3258 aaprccedunt
354 3195 462 3258 postero
475 3184 519 3240 die
533 3183 647 3240 duorum
669 3185 933 3258 opulentissimorum
952 3181 1110 3260 populorum

191 3260 340 3335 duolongei
360 3259 502 3317 clarissimi
517 3260 611 3330 duces,
635 3261 689 3324 duo
712 3261 847 3318 fortissimi
861 3259 1006 3336 exercitus,
1026 3265 1111 3322 multa

191 3340 256 3396 ante
271 3349 348 3412 parta
361 3338 460 3395 decora
473 3349 520 3394 aut
533 3337 695 3414 cumulaturi
708 3357 742 3394 eo
755 3338 809 3404 die,
823 3345 870 3394 aut
882 3342 1009 3397 eversuri.
1051 3341 1110 3396 An·

191 3429 256 3490 ceps
268 3415 351 3490 igitur
364 3433 426 3508 spes
439 3426 467 3473 et
479 3424 568 3471 metus
585 3415 738 3472 miscebant
750 3415 875 3484 animos;
902 3417 1108 3492 contemplanti-

190 3487 294 3566 busque
308 3493 389 3550 modo
401 3491 572 3557 suam‚modd
586 3493 702 3548 hostium
716 3492 904 3566 aciem,quum
914 3495 1001 3550 oculis
1011 3493 1105 3568 magis,

158 3568 271 3644 atquem
285 3571 398 3642 ratione,
411 3577 558 3644 pensarent
571 3567 651 3636 vires,
675 3568 754 3625 simul
776 3569 847 3641 lata,
870 3571 949 3626 simul
962 3571 1048 3628 tristia
1059 3573 1109 3629 οἱ),

192 3647 374 3704 versabantur.
413 3645 490 3707 Quesv
508 3645 573 3719 ipsis
586 3649 633 3702 sut
656 3654 750 3720 sponte
773 3665 828 3703 non
848 3647 1052 3715 succurrebant,
1072 3669 1107 3708 ea

189 3725 275 3782 duces
287 3721 461 3782 admonendo
474 3733 553 3796 atquc
574 3723 706 3780 hortando
720 3723 876 3800 subjiciunt
916 3721 1017 3782 Penus
1029 3728 1105 3784 sede-
