2620 4200
500 376 603 426 Lmen
616 377 671 426 xc
703 388 761 425 m.
772 361 843 426 xxiv
1092 379 1150 438 275

217 522 237 558 “
247 539 302 596 quo
315 529 464 577 accusatus
477 537 547 587 sum,
563 519 597 576 ed
611 518 845 595 cognoscendum,
859 515 925 591 quid
946 527 1081 592 ageretur,
1103 519 1151 576 he·

218 602 237 636 ‘⁸
248 599 304 655 bui.
344 597 447 655 Utrhm
462 609 600 654 momento
611 597 737 655 illohorae
746 605 934 652 accusatorem
948 595 1092 652 audirem?
1113 615 1150 654 an

218 675 439 732 “defensionem
452 675 623 734 meditarer?
663 674 805 731 Attonitus
827 672 971 747 repentino
991 682 1071 746 utque
1092 673 1151 732 ino·

218 754 340 828 “pineto
353 753 434 820 malo,
449 753 506 820 vix,
527 753 592 826 quid
611 753 785 828 objiceretur,
806 750 959 826 intelligere
978 751 1073 825 potui;
1103 769 1152 809 ne-

182 850 198 890 s
219 832 316 888 “dum
330 831 396 887 satis
416 830 512 898 sciam,
533 850 586 904 quo
606 832 688 888 modo
708 849 752 885 me
778 839 865 885 tuear.
904 828 984 889 Quid
1005 828 1073 885 mihi
1094 830 1152 904 spei

218 913 238 946 “
249 920 332 982 esset,
347 909 401 964 nisi
414 919 520 983 patrem
538 909 662 983 judicem
683 907 832 964 hubereml
862 906 935 980 apud
948 925 1030 979 quem
1044 907 1153 965 etiamsi

219 987 365 1043 “caritate
385 1005 401 1042 a
421 986 502 1042 sratre
522 989 624 1062 majore
645 986 749 1052 vincor,
779 984 966 1041 misericordia
995 984 1069 1042 certe
1090 1004 1154 1042 reus

220 1064 324 1120 “vinci
344 1083 400 1120 nou
421 1064 517 1120 debeo.
558 1065 620 1140 Ego
639 1064 723 1129 enim,
745 1073 776 1119 ut
789 1081 832 1118 me
853 1062 920 1118 mihi
934 1061 1037 1136 tibique
1051 1081 1153 1135 serves,

219 1145 239 1178 “
249 1143 365 1216 precor·
386 1141 441 1211 ille,
460 1153 495 1198 ot
509 1161 553 1200 me
566 1143 594 1198 in
609 1141 785 1198 securitatem
799 1158 876 1195 suern
889 1140 1011 1206 occidas,
1025 1141 1153 1214 postulat.

187 1238 211 1277 ru
220 1223 239 1256 “
249 1219 329 1280 Quid
352 1238 427 1286 eum,
447 1238 532 1292 quum
554 1239 670 1295 regnum
691 1219 717 1274 ei
738 1217 891 1289 tradideris,
906 1218 1042 1274 facturum
1063 1218 1154 1275 credis

220 1297 279 1354 “in
299 1316 344 1353 me
365 1316 435 1364 esse,
456 1298 503 1371 qui
530 1298 589 1372 jam
608 1317 685 1354 nunc
705 1295 840 1371 sanguiue
861 1314 923 1352 meo
943 1294 995 1351 sibi
1016 1295 1154 1371 indulgeri

220 1376 514 1450 “aequumcenserl”
588 1403 591 1407 ·

259 1529 341 1588 XVI.
375 1530 489 1588 Dicenti
503 1533 563 1588 haec
576 1532 705 1606 lucrymae
726 1530 806 1587 simul
828 1529 953 1604 spiritum
966 1539 994 1586 et
1006 1547 1102 1586 rocem
1115 1529 1156 1586 iu·

221 1608 415 1666 torcluserunt
455 1608 606 1698 Philippus,
628 1609 801 1666 submotis'
785 1627 827 1679 113,
847 1608 984 1682 paulisper
1004 1607 1156 1665 collocutus

189 1710 212 1749 15
222 1705 286 1742 cum
300 1687 407 1752 amicis,
421 1688 620 1764 pronuntiavit,
641 1694 659 1722 “
669 1687 734 1744 Non
749 1654 838 1741 verbis
858 1705 897 1757 se,
918 1704 971 1741 nec
985 1686 1067 1741 unius
1083 1686 1156 1742 horte

221 1769 240 1800 “
252 1764 462 1852 disceptatione,
477 1783 589 1824 causam
602 1784 698 1821 eorum
713 1765 936 1839 dijudicaturuur‚
956 1763 1025 1819 sed
1019 1763 1157 1853 inquiren·
1183 1827 1184 1830 Ἴ

222 1846 241 1878 “
252 1841 307 1898 do
301 1861 330 1897 ru
345 1842 485 1915 utriusque
499 1844 592 1913 vitam,
607 1861 705 1909 mores,
719 1854 747 1898 et
760 1842 835 1897 dicta
849 1841 1005 1914 sectaque'
998 1860 1027 1896 m
1049 1843 1157 1915 maguis

160 1933 162 1938 ·
222 1919 397 1994 “parvisque
411 1920 493 1976 rebus
506 1888 719 1977 obserhando:”
740 1929 770 1974 ut
783 1919 911 1975 omuibus
926 1929 1076 1993 appareret,
1092 1937 1158 1975 noc-

221 1996 257 2052 tis
270 1997 402 2071 proxime
416 1997 521 2052 crimen
536 1997 615 2053 facile
630 1997 780 2062 revictum3
795 2008 950 2070 suspectam
966 1996 1078 2052 nimiam
1093 2015 1158 2053 curn

188 2101 213 2140 20
223 2075 361 2131 Romanis
376 2074 509 2130 Demetrii
523 2075 639 2148 gretiam
653 2093 721 2130 esse.
762 2074 842 2139 Haec,
862 2074 922 2130 vivo
935 2072 1071 2147 Philippo,
1084 2074 1159 2130 velut

223 2152 331 2208 semine
342 2151 418 2226 jacta
431 2163 495 2208 sunt
509 2152 686 2210 Macedonici
700 2152 774 2218 belli,
789 2151 861 2225 quod
880 2149 1002 2207 maxime
1017 2170 1081 2208 curn
1095 2152 1159 2208 Pcr-

223 2248 272 2286 seo
285 2230 438 2303 gerendum
452 2241 519 2286 erat.
561 2271 681 2288 .....

189 2384 374 2444 ..XXlV.
396 2384 589 2441 Demetrium
584 2397 682 2456 iterum
696 2386 731 2442 ed
744 2397 850 2460 patrem
871 2385 1012 2442 accusavit
1034 2385 1160 2444 Perseus.

190 2468 209 2534 ξ
225 2502 348 2518 .....
389 2462 466 2518 Nihil
481 2474 573 2518 tamen
597 2448 686 2538 palain
710 2464 821 2538 gravius
844 2463 1049 2538 pronuntiatum
1072 2464 1106 2519 dc
1127 2480 1161 2522 eo

196 2572 209 2596 ο
203 2550 277 2606 est,
289 2549 320 2595 ut
330 2540 393 2596 dolo
404 2541 493 2614 potius
505 2541 713 2598 interficeretur.
751 2581 872 2597 .....
900 2541 946 2596 Ab
960 2540 1161 2598 Thessalonice

196 2613 210 2656 ⁴⁸
225 2617 453 2673 Demetriadem'
447 2619 498 2692 ipsi
512 2638 596 2691 quum
611 2620 661 2675 iter
674 2629 756 2684 esset,
771 2619 910 2675 Astraeum
929 2615 1047 2675 Paeoniae
1061 2619 1162 2676 Deme·

191 2695 308 2752 'trium
323 2695 407 2754 mittit
421 2714 485 2751 cum
499 2697 597 2752 eodem
611 2698 711 2753 comite
723 2696 806 2766 Dida,
818 2697 951 2753 Perseum
962 2697 1161 2771 Amphipolim,

191 2723 211 2794 ἒ
197 2772 261 2852 ad
274 2773 386 2828 obsides
400 2773 544 2829 Thracum
559 2774 744 2849 accipiendos.
785 2743 973 2848 Digredienti
982 2774 1017 2828 ab
1038 2793 1067 2830 se
1081 2775 1163 2830 Didae

196 2872 211 2912 ,ς
197 2827 357 2906 mandata
373 2850 482 2904 dedisse
496 2851 596 2906 dicitur
617 2851 651 2906 de
666 2853 722 2908 filio
735 2852 897 2909 occidendo.
939 2851 1114 2907 Sacrificium
1128 2853 1163 2908 ab

190 2953 217 2990 30
191 2917 301 2983 Dida
315 2947 363 2983 seu
378 2927 543 2994 institutum,
558 2947 606 2984 seu
621 2929 779 2986 simulatum
793 2940 852 2997 est;
884 2929 918 2984 ad
937 2929 1008 3002 quod
1023 2929 1164 2986 celebran-

226 3004 294 3060 dum
309 3005 440 3061 invitatus
454 3005 612 3062 Demetrius
633 3007 668 3062 eb
689 3009 798 3064 Astreeo
823 2973 989 3065 lleracleem
1004 3007 1088 3064 veuit.
1128 3007 1164 3064 In

226 3083 262 3138 eti
276 3085 357 3138 eoent
371 3083 472 3138 dicitur
486 3103 623 3140 venenum
646 3085 750 3141 datum.
792 3084 895 3141 Poculo
913 3081 1003 3159 epoto',
1027 3085 1164 3160 extemplo

227 3160 333 3216 sensit:
355 3172 383 3216 et
396 3178 460 3216 mox
473 3161 573 3217 coortis
586 3162 734 3232 doloribus,
759 3163 854 3218 relicto
877 3162 1012 3229 convivio,
1035 3183 1120 3236 quum
1135 3163 1164 3220 in

228 3237 391 3293 cubiculum
404 3239 555 3312 recepisset
568 3259 637 3309 sese,
662 3241 853 3297 crudelitatem
875 3241 961 3314 patris
981 3260 1165 3315 conquerens,

192 3316 408 3389 aeperricidium
422 3315 520 3385 fratris,
542 3336 575 3372 ec
599 3317 679 3373 Didae
703 3318 793 3374 scelus
817 3319 956 3387 incusans,
980 3321 1165 3393 torquebatur.

229 3393 385 3448 Intromissi
409 3394 510 3448 deiude
532 3395 649 3468 Thyrsis
662 3395 771 3484 quidam
797 3364 956 3452 Stuberaeud
979 3406 1007 3453 et
1026 3397 1166 3454 Beroeaeus

229 3470 392 3526 Alexander
395 3471 526 3544 ,injectis
540 3473 704 3562 tapetibus
698 3493 726 3529 m
751 3484 833 3547 caput
857 3473 1016 3548 faucesque,
1040 3473 1167 3549 spiritum

231 3548 455 3604 intercluserunt.
496 3548 566 3604 Ita
560 3552 690 3606 innoxius
711 3551 882 3618 adolescens,
907 3571 992 3641 quum
1019 3552 1047 3608 in
1075 3573 1109 3610 eo
1130 3571 1167 3610 ne

231 3625 351 3758 simplpci
373 3626 484 3699 quidem
510 3645 613 3700 genere
636 3629 730 3686 mortis
756 3630 879 3687 contenti
906 3629 1013 3687 inimici
1040 3629 1166 3701 fuissent,

197 3714 304 3770 40mter
326 3714 404 3760 citur.

590 3847 815 3859 ——-—-—..-
