2620 4200
186 327 244 393 226
570 321 636 382 'tm
652 330 734 383 [ΝΠ

187 483 282 540 noeto,
296 473 390 531 venire
410 485 472 530 sese
492 471 581 540 vellet,
604 473 703 531 iisdem
721 491 756 530 an
770 469 831 529 aliis
842 470 986 530 aeneidem
1005 467 1113 532 sutrim

186 551 277 611 Noote
290 551 362 608 elam
375 551 482 626 ingredi
496 551 594 610 melius
606 552 694 608 risum
707 554 757 608 est.

221 705 334 764 XLVI..
348 705 468 764 Tessera
481 725 529 782 per
542 716 632 766 eastra
645 706 680 764 ab
693 705 771 764 Livio
790 704 903 763 consule
923 704 988 762 data
1000 714 1067 775 erat,
1081 715 1113 762 ut

184 783 324 844 tribunum
351 784 486 851 tribunus,
512 784 638 842 centurio
657 784 856 849 centurionem,
877 801 961 856 eques
978 782 1110 856 equitem,

182 861 267 938 pedes
288 862 410 936 peditem
430 862 586 937 acciperet:
619 881 708 936 neque
728 861 802 918 enim
815 859 922 918 dilatari
936 871 1025 916 eastra
1041 879 1111 935 opus
1133 877 1148 918 r

182 957 253 1012 esse,
266 958 302 995 ne
316 940 400 996 hostis
421 941 568 996 adventum
588 940 700 996 alterius
715 939 835 996 oonsulis
855 937 984 996 sentiret:
1016 947 1044 994 et
1061 956 1109 995 oo·

180 1017 296 1076 motatio
309 1017 427 1092 plurium
441 1017 470 1077 in
484 1027 601 1092 angusto
621 1017 793 1074 tendentium
813 1016 919 1073 facilior
939 1015 1028 1072 lutura
1040 1025 1109 1088 erat,

181 1092 253 1168 quid
267 1093 437 1152 Claudianus
450 1095 587 1152 exereitus
600 1095 668 1152 nihil
682 1095 777 1161 ferme,
794 1103 892 1169 preter
906 1111 991 1158 arma,
1011 1111 1109 1150 seeum

182 1172 212 1230 in
224 1173 428 1246 expeditionem
448 1173 555 1230 tulerat
594 1173 747 1240 Caeterum,
762 1173 791 1229 in
805 1172 863 1246 ipso
877 1170 974 1228 itinera
996 1181 1111 1227 auetum

181 1249 340 1308 voluntariis
353 1269 452 1326 agmen
466 1261 540 1320 erat;
571 1251 749 1309 offerentibus
771 1266 831 1306 sese
849 1248 919 1305 ultro
932 1258 961 1304 et
973 1248 1112 1305 veteribus
1122 1266 1146 1308 rt

182 1327 314 1386 militibus
327 1326 478 1404 perfunctis
487 1328 545 1404 jam
559 1329 666 1401 militia,
680 1339 708 1386 et
718 1327 876 1404 juvenibus,
895 1344 965 1400 quos
984 1327 1110 1384 certatim

181 1406 294 1464 nomina
306 1407 413 1474 dautes,
433 1407 457 1463 si
470 1424 584 1481 quorum
606 1405 726 1481 eorporis
739 1405 845 1480 species
857 1404 994 1477 roburque
1012 1404 1110 1461 virium

180 1494 274 1557 aptum
286 1484 391 1542 militie
411 1484 563 1556 videbatur,
584 1484 794 1560 conscripserat.
833 1482 880 1540 Ad
893 1483 998 1540 Senam
1018 1492 1109 1538 easua

180 1559 291 1618 ulterius
311 1563 432 1620 consulis
452 1573 548 1632 erant3
580 1573 609 1619 et
628 1562 792 1637 quingentos
817 1559 883 1618 inde
909 1562 994 1619 sermo
1014 1577 1110 1634 passus

180 1636 336 1696 Hasdrubal
350 1640 452 1698 aberat.
491 1639 589 1714 Itaque
602 1659 686 1714 quum
697 1639 753 1714 jam
767 1638 1004 1713 appropinquaret,
1018 1647 1109 1694 taetus
1119 1657 1144 1696 rs

179 1715 318 1772 montibus
331 1717 451 1774 substitit
463 1717 549 1787 Nero,
572 1736 608 1774 ne
630 1727 695 1773 ente
717 1726 828 1772 noctem
848 1726 939 1772 eastra
952 1715 1110 1789 ingredere*
1184 1721 1187 1728 ’

178 1790 231 1851 lut.
271 1791 387 1850 Silentio
401 1793 526 1868 ingressi,
540 1794 630 1853 absai
649 1794 763 1868 quisque
782 1792 887 1850 ordinis
907 1792 1066 1850 homiuibus
1079 1792 1109 1850 in

178 1869 295 1930 tentoria
314 1870 436 1937 abducti,
463 1889 528 1929 oum
547 1871 656 1930 summu
674 1872 798 1928 omnium
824 1869 920 1928 letitia
939 1869 1109 1944 hospitaliter

178 1948 360 2026 exeipiuutur.
400 1949 512 2006 Postero
523 1950 569 2007 die
581 1948 728 2007 eonsilium
749 1947 883 2021 habiturn,
896 1947 943 2004 eui
955 1957 984 2002 et
996 1947 1029 2003 L.
1043 1947 1109 2008 Por·

178 2030 239 2088 eius
252 2029 367 2087 Licinus
386 2038 483 2104 praetor
496 2028 581 2085 affuit.
622 2026 720 2084 Castra
730 2026 828 2102 josua
848 2023 994 2083 oonsulum
1010 2023 1142 2084 eastrieaa

176 2107 317 2166 trahebam
349 2117 377 2156 et
396 2117 461 2156 ante
481 2107 628 2156 adventum
648 2123 756 2168 eorum,
769 2121 817 2173 per
830 2102 892 2158 loos
904 2102 959 2158 elta
979 2101 1108 2159 duoendo

177 2176 341 2246 exereitum,
354 2194 438 2249 quum
452 2175 533 2232 modo
546 2175 678 2232 insideret
700 2186 831 2250 angustos
853 2175 946 2244 saltus,
967 2188 999 2234 ut
1011 2174 1109 2234 transi⁴

178 2258 237 2306 tum
251 2250 399 2322 elauderet‚
413 2251 493 2309 modd
507 2251 542 2308 ab
555 2253 639 2308 latare
652 2260 700 2308 aut
711 2252 748 2307 ab
761 2263 838 2326 tergo
851 2262 977 2326 carperet
995 2271 1107 2328 agmen,

177 2321 336 2385 ludificatus
355 2329 460 2387 hostem
480 2325 608 2386 omnibus
627 2328 731 2385 artibus
751 2327 815 2386 belli
835 2329 942 2386 fuerat:
970 2330 994 2388 ie
1007 2341 1065 2388 tum
1078 2331 1108 2389 in

176 2405 293 2462 oonsilio
306 2407 407 2463 aderat
447 2405 598 2464 Multorum
611 2405 646 2462 eb
660 2405 797 2464 inelinant
814 2407 967 2478 sententie,
988 2417 1026 2478 ut,
1040 2409 1105 2466 dum
1115 2428 1142 2470 aa

176 2481 278 2537 fessum
299 2483 344 2540 rita
363 2501 396 2542 ao
418 2483 518 2558 vigiliis
536 2484 662 2540 refieeret
681 2483 797 2540 militem
816 2483 904 2556 Nero,
924 2485 1004 2542 simul
1024 2499 1052 2542 et
1071 2487 1107 2544 ad

175 2559 347 2616 noscendum
369 2561 474 2616 bostem
489 2579 592 2634 paueoe
605 2561 657 2617 sibi
670 2571 791 2618 sumeret
804 2561 872 2631 dies,
886 2573 994 2638 tempus
1005 2582 1105 2638 pugne

175 2633 339 2693 differretur.
379 2637 456 2694 Nero
466 2655 524 2694 non
538 2637 761 2704 suaderemus,
776 2639 825 2696 sed
838 2642 948 2698 summit
963 2659 1014 2716 ope
1026 2659 1105 2698 orare

175 2711 282 2784 institit,
304 2719 366 2770 “ne
379 2713 524 2771 eonsilium
537 2733 628 2786 suum,
642 2716 715 2790 quod
728 2727 817 2774 tutum
840 2718 968 2776 eeleritas
985 2719 1104 2788 seeisset,

176 2791 378 2849 “temerarium
401 2792 533 2850 morando
555 2792 687 2850 facerent.
727 2793 827 2852 Errore
851 2795 911 2870 (qui
932 2816 988 2854 non
1001 2797 1138 2870 ‹linter-ou

175 2874 256 2926 “nus
269 2869 376 2928 futurus
389 2870 474 2945 esset)
494 2870 568 2928 velut
581 2881 744 2945 torpentem,
759 2872 948 2931 Hannibalem
968 2893 1022 2930 nee
1044 2893 1105 2932 oas-

175 2951 244 3003 “tra
257 2965 307 3004 sua
319 2949 379 3006 eine
402 2949 474 3004 dooe
494 2949 590 3004 relicta
610 2950 734 3024 aggredi,
753 2967 807 3006 neo
827 2951 862 3008 ad
882 2951 1052 3024 sequendum
1071 2969 1102 3008 se

173 3026 194 3062 “
202 3022 253 3080 iter
272 3024 431 3084 intendisse.
479 3025 636 3099 Antequam
657 3045 686 3082 se
706 3038 821 3098 moveat,
844 3028 929 3086 deleri
948 3027 1102 3085 exereitum

173 3099 483 3178 “Hmdrubalisposse,
499 3103 671 3181 [redireque]
694 3104 722 3162 in
746 3105 884 3180 Apuliam.
935 3104 995 3167 Qui
1015 3105 1102 3179 prola·

172 3177 285 3234 “tundo
297 3181 414 3254 spatium
429 3181 498 3240 hosti
512 3181 567 3250 det,
580 3201 645 3240 eum
664 3193 694 3240 et
707 3182 753 3239 illa
765 3195 854 3240 eastra
866 3183 980 3256 prodere
994 3182 1137 3258 Hanni-ar

172 3254 266 3321 “bali,
290 3268 318 3312 et
341 3260 445 3333 aperire
465 3260 493 3316 in
514 3260 632 3318 Galliam
645 3261 706 3327 iter,
727 3274 758 3318 ut
774 3263 824 3335 per
842 3261 938 3328 otium,
960 3261 1006 3317 ubi
1027 3261 1101 3329 velit,

173 3333 368 3393 “Hasdrubali
391 3337 582 3413 conjungatur.
622 3337 768 3414 Extemplo
792 3338 902 3413 siguum
921 3339 1054 3407 dandum,
1074 3351 1103 3397 et

173 3412 358 3470 “exeundum
373 3414 401 3471 in
425 3416 532 3472 aoiem:
566 3417 788 3491 abutendumque
805 3435 896 3475 errore
915 3417 1034 3475 hostium
1055 3417 1102 3474 ab·

171 3493 192 3528 ⁸⁴
201 3490 321 3548 sentium
334 3493 582 3567 presentiumque3
609 3494 676 3552 dum
690 3511 780 3568 neque
802 3494 840 3552 illi
855 3495 943 3552 soiaut
955 3514 1021 3554 eum
1034 3514 1102 3571 pau·

174 3567 330 3635 semibus,
344 3587 398 3626 neo
412 3571 440 3628 hi
460 3589 524 3628 oum
545 3571 669 3646 pluribus
681 3583 710 3629 et
729 3572 913 3641 validioribus,
934 3593 992 3631 rem
1012 3573 1133 3634 esse.''u

171 3641 296 3732 aneilio
308 3647 430 3714 dimisso,
445 3650 554 3724 signum
568 3667 668 3724 pugna
678 3651 846 3726 proponitur,
860 3651 1059 3728 uouieatimque
1070 3651 1100 3710 in
1115 3645 1117 3649 ’
1136 3675 1139 3680 ·

170 3737 261 3780 aarum
274 3721 435 3797 pruuedunt.
