<?xml version="1.0" encoding="UTF-8"?>
<!DOCTYPE html PUBLIC "-//W3C//DTD XHTML 1.0 Transitional//EN"
    "http://www.w3.org/TR/xhtml1/DTD/xhtml1-transitional.dtd">
<html xmlns="http://www.w3.org/1999/xhtml" xml:lang="en" lang="en">
 <head>
  <title>
</title>
<meta http-equiv="Content-Type" content="text/html;charset=utf-8" />
  <meta name='ocr-system' content='tesseract 3.04.00' />
  <meta name='ocr-capabilities' content='ocr_page ocr_carea ocr_par ocr_line ocrx_word'/>
</head>
<body>
  <div class='ocr_page' id='page_1' title='image "./historiarumetse02livygoog_0264.png"; bbox 0 0 2620 4200; ppageno 0'>
   <div class='ocr_carea' id='block_1_1' title="bbox 483 381 1148 444">
    <p class='ocr_par' dir='ltr' id='par_1_1' title="bbox 483 381 1148 444">
     <span class='ocr_line' id='line_1_1' title="bbox 483 381 1148 444; baseline -0.011 -12"><span class='ocrx_word' id='word_1_1' title='bbox 483 381 586 432; x_wconf 83' lang='lat' dir='ltr'>LIBER</span> <span class='ocrx_word' id='word_1_2' title='bbox 601 381 683 434; x_wconf 73' lang='lat' dir='ltr'><strong>xxx:</strong></span> <span class='ocrx_word' id='word_1_3' title='bbox 705 389 768 432; x_wconf 66' lang='lat' dir='ltr'><strong>batt.</strong></span> <span class='ocrx_word' id='word_1_4' title='bbox 786 395 893 431; x_wconf 80' lang='lat' dir='ltr'><strong>xxxvur.</strong></span> <span class='ocrx_word' id='word_1_5' title='bbox 1082 383 1148 444; x_wconf 64' lang='lat' dir='ltr'><strong>m</strong></span> 
     </span>
    </p>
   </div>
   <div class='ocr_carea' id='block_1_2' title="bbox 176 521 1197 984">
    <p class='ocr_par' dir='ltr' id='par_1_2' title="bbox 211 521 1197 599">
     <span class='ocr_line' id='line_1_2' title="bbox 211 521 1197 599; baseline -0.005 -15"><span class='ocrx_word' id='word_1_6' title='bbox 211 525 321 596; x_wconf 73' lang='lat' dir='ltr'><strong>sonu,</strong></span> <span class='ocrx_word' id='word_1_7' title='bbox 335 527 397 598; x_wconf 66' lang='lat' dir='ltr'><strong>qnid</strong></span> <span class='ocrx_word' id='word_1_8' title='bbox 412 521 738 590; x_wconf 65' lang='lat' dir='ltr'><strong>abessannmstirnarldt</strong></span> <span class='ocrx_word' id='word_1_9' title='bbox 754 521 1028 599; x_wconf 55' lang='lat' dir='ltr'><strong>Semianipermitdah</strong></span> <span class='ocrx_word' id='word_1_10' title='bbox 1059 531 1139 598; x_wconf 64' lang='lat' dir='ltr'><strong>utque</strong></span> <span class='ocrx_word' id='word_1_11' title='bbox 1189 545 1197 565; x_wconf 86' lang='lat'><strong>·</strong></span> 
     </span>
    </p>

    <p class='ocr_par' dir='ltr' id='par_1_3' title="bbox 212 601 1146 678">
     <span class='ocr_line' id='line_1_3' title="bbox 212 601 1146 678; baseline -0.001 -17"><span class='ocrx_word' id='word_1_12' title='bbox 212 603 386 678; x_wconf 77' lang='lat' dir='ltr'><strong>itapeonnidr</strong></span> <span class='ocrx_word' id='word_1_13' title='bbox 403 601 478 658; x_wconf 82' lang='lat' dir='ltr'><strong>luere</strong></span> <span class='ocrx_word' id='word_1_14' title='bbox 499 602 751 676; x_wconf 61' lang='lat' dir='ltr'><strong>Uarthagmienses.</strong></span> <span class='ocrx_word' id='word_1_15' title='bbox 792 603 873 670; x_wconf 87' lang='lat' dir='ltr'><strong>Sunt,</strong></span> <span class='ocrx_word' id='word_1_16' title='bbox 893 601 938 674; x_wconf 91' lang='lat' dir='ltr'><strong>qui</strong></span> <span class='ocrx_word' id='word_1_17' title='bbox 953 601 1146 662; x_wconf 69' lang='lat' dir='ltr'><strong>Hannibalem</strong></span> 
     </span>
    </p>

    <p class='ocr_par' dir='ltr' id='par_1_4' title="bbox 176 679 1143 984">
     <span class='ocr_line' id='line_1_4' title="bbox 211 679 1142 754; baseline 0.001 -16"><span class='ocrx_word' id='word_1_18' title='bbox 211 697 246 738; x_wconf 81' lang='lat' dir='ltr'><strong>cx</strong></span> <span class='ocrx_word' id='word_1_19' title='bbox 259 680 320 738; x_wconf 86' lang='lat' dir='ltr'><strong>acie</strong></span> <span class='ocrx_word' id='word_1_20' title='bbox 331 681 368 736; x_wconf 83' lang='lat' dir='ltr'><strong>sd</strong></span> <span class='ocrx_word' id='word_1_21' title='bbox 380 679 635 753; x_wconf 71' lang='lat' dir='ltr'><strong>anteponentes,</strong></span> <span class='ocrx_word' id='word_1_22' title='bbox 649 679 714 736; x_wconf 85' lang='lat' dir='ltr'><strong>inde</strong></span> <span class='ocrx_word' id='word_1_23' title='bbox 736 679 888 753; x_wconf 72' lang='lat' dir='ltr'><strong>praeparati</strong></span> <span class='ocrx_word' id='word_1_24' title='bbox 910 679 1026 734; x_wconf 77' lang='lat' dir='ltr'><strong>navoad</strong></span> <span class='ocrx_word' id='word_1_25' title='bbox 1046 697 1142 754; x_wconf 81' lang='lat' dir='ltr'><strong>regem</strong></span> 
     </span>
     <span class='ocr_line' id='line_1_5' title="bbox 176 756 1142 832; baseline 0 -18"><span class='ocrx_word' id='word_1_26' title='bbox 176 778 181 786; x_wconf 70' lang='grc'>’</span> <span class='ocrx_word' id='word_1_27' title='bbox 212 758 383 814; x_wconf 77' lang='lat' dir='ltr'><strong>Antiochum</strong></span> <span class='ocrx_word' id='word_1_28' title='bbox 396 757 535 830; x_wconf 80' lang='lat' dir='ltr'><strong>extemplo</strong></span> <span class='ocrx_word' id='word_1_29' title='bbox 543 757 698 832; x_wconf 86' lang='lat' dir='ltr'><strong>profectum</strong></span> <span class='ocrx_word' id='word_1_30' title='bbox 711 758 836 814; x_wconf 86' lang='lat' dir='ltr'><strong>tradant:</strong></span> <span class='ocrx_word' id='word_1_31' title='bbox 863 756 1063 830; x_wconf 76' lang='lat' dir='ltr'><strong>postulantique</strong></span> <span class='ocrx_word' id='word_1_32' title='bbox 1076 767 1142 814; x_wconf 87' lang='lat' dir='ltr'><strong>ante</strong></span> 
     </span>
     <span class='ocr_line' id='line_1_6' title="bbox 188 835 1143 909; baseline 0.001 -18"><span class='ocrx_word' id='word_1_33' title='bbox 188 836 304 893; x_wconf 74' lang='lat' dir='ltr'><strong>comnia</strong></span> <span class='ocrx_word' id='word_1_34' title='bbox 317 835 452 908; x_wconf 77' lang='lat' dir='ltr'><strong>Scipioni,</strong></span> <span class='ocrx_word' id='word_1_35' title='bbox 465 848 495 891; x_wconf 90' lang='lat' dir='ltr'><strong>ut</strong></span> <span class='ocrx_word' id='word_1_36' title='bbox 508 835 651 892; x_wconf 75' lang='lat' dir='ltr'><strong>Hannibal</strong></span> <span class='ocrx_word' id='word_1_37' title='bbox 665 835 716 892; x_wconf 82' lang='lat' dir='ltr'><strong>sini</strong></span> <span class='ocrx_word' id='word_1_38' title='bbox 735 835 896 901; x_wconf 83' lang='lat' dir='ltr'><strong>traderetur,</strong></span> <span class='ocrx_word' id='word_1_39' title='bbox 920 853 1080 909; x_wconf 86' lang='lat' dir='ltr'><strong>responsuro</strong></span> <span class='ocrx_word' id='word_1_40' title='bbox 1101 853 1143 892; x_wconf 86' lang='lat' dir='ltr'><strong>es·</strong></span> 
     </span>
     <span class='ocr_line' id='line_1_7' title="bbox 177 911 758 984; baseline -0.003 -14"><span class='ocrx_word' id='word_1_41' title='bbox 177 911 179 918; x_wconf 87' lang='grc'><strong>’</strong></span> <span class='ocrx_word' id='word_1_42' title='bbox 209 931 249 984; x_wconf 86' lang='lat' dir='ltr'><strong>se,</strong></span> <span class='ocrx_word' id='word_1_43' title='bbox 263 912 454 969; x_wconf 82' lang='lat' dir='ltr'><strong>Hannibalern</strong></span> <span class='ocrx_word' id='word_1_44' title='bbox 464 912 495 969; x_wconf 83' lang='lat' dir='ltr'><strong>in</strong></span> <span class='ocrx_word' id='word_1_45' title='bbox 509 912 606 970; x_wconf 79' lang='lat' dir='ltr'><strong>Afriod</strong></span> <span class='ocrx_word' id='word_1_46' title='bbox 619 931 675 970; x_wconf 88' lang='lat' dir='ltr'><strong>non</strong></span> <span class='ocrx_word' id='word_1_47' title='bbox 689 923 758 970; x_wconf 83' lang='lat' dir='ltr'><strong>esse.</strong></span> 
     </span>
    </p>
   </div>
   <div class='ocr_carea' id='block_1_3' title="bbox 163 1039 1151 3774">
    <p class='ocr_par' dir='ltr' id='par_1_5' title="bbox 210 1039 1145 1298">
     <span class='ocr_line' id='line_1_8' title="bbox 251 1039 1144 1143; baseline 0.002 -19"><span class='ocrx_word' id='word_1_48' title='bbox 251 1067 425 1125; x_wconf 84' lang='lat' dir='ltr'>XXXVIII.</span> <span class='ocrx_word' id='word_1_49' title='bbox 459 1067 605 1142; x_wconf 84' lang='lat' dir='ltr'><strong>Postquam</strong></span> <span class='ocrx_word' id='word_1_50' title='bbox 625 1039 766 1125; x_wconf 70' lang='lat' dir='ltr'><strong>rbdiarunt</strong></span> <span class='ocrx_word' id='word_1_51' title='bbox 793 1068 828 1125; x_wconf 91' lang='lat' dir='ltr'><strong>ad</strong></span> <span class='ocrx_word' id='word_1_52' title='bbox 857 1069 1016 1143; x_wconf 78' lang='lat' dir='ltr'>Scipionem</span> <span class='ocrx_word' id='word_1_53' title='bbox 1036 1067 1144 1143; x_wconf 78' lang='lat' dir='ltr'><strong>legati3</strong></span> 
     </span>
     <span class='ocr_line' id='line_1_9' title="bbox 210 1145 1145 1221; baseline 0.003 -20"><span class='ocrx_word' id='word_1_54' title='bbox 210 1147 397 1220; x_wconf 80' lang='lat' dir='ltr'><strong>quaepublica</strong></span> <span class='ocrx_word' id='word_1_55' title='bbox 410 1146 438 1203; x_wconf 89' lang='lat' dir='ltr'><strong>in</strong></span> <span class='ocrx_word' id='word_1_56' title='bbox 459 1146 575 1204; x_wconf 77' lang='lat' dir='ltr'><strong>nauibus</strong></span> <span class='ocrx_word' id='word_1_57' title='bbox 598 1145 713 1216; x_wconf 81' lang='lat' dir='ltr'><strong>fuerant,</strong></span> <span class='ocrx_word' id='word_1_58' title='bbox 737 1165 772 1202; x_wconf 83' lang='lat' dir='ltr'><strong>ex</strong></span> <span class='ocrx_word' id='word_1_59' title='bbox 792 1147 910 1221; x_wconf 80' lang='lat' dir='ltr'><strong>publicis</strong></span> <span class='ocrx_word' id='word_1_60' title='bbox 923 1146 1061 1221; x_wconf 88' lang='lat' dir='ltr'><strong>descripte</strong></span> <span class='ocrx_word' id='word_1_61' title='bbox 1080 1147 1145 1204; x_wconf 89' lang='lat' dir='ltr'><strong>rati-</strong></span> 
     </span>
     <span class='ocr_line' id='line_1_10' title="bbox 211 1223 1145 1298; baseline 0.001 -18"><span class='ocrx_word' id='word_1_62' title='bbox 211 1223 311 1280; x_wconf 80' lang='lat' dir='ltr'><strong>onibus</strong></span> <span class='ocrx_word' id='word_1_63' title='bbox 321 1233 491 1297; x_wconf 75' lang='lat' dir='ltr'><strong>quaestores3</strong></span> <span class='ocrx_word' id='word_1_64' title='bbox 511 1242 572 1297; x_wconf 78' lang='lat' dir='ltr'><strong>quae</strong></span> <span class='ocrx_word' id='word_1_65' title='bbox 585 1224 698 1296; x_wconf 84' lang='lat' dir='ltr'><strong>privata,</strong></span> <span class='ocrx_word' id='word_1_66' title='bbox 718 1223 838 1298; x_wconf 85' lang='lat' dir='ltr'><strong>profiteri</strong></span> <span class='ocrx_word' id='word_1_67' title='bbox 852 1225 958 1280; x_wconf 88' lang='lat' dir='ltr'><strong>domini</strong></span> <span class='ocrx_word' id='word_1_68' title='bbox 974 1224 1044 1298; x_wconf 88' lang='lat' dir='ltr'><strong>jussi</strong></span> <span class='ocrx_word' id='word_1_69' title='bbox 1056 1243 1064 1292; x_wconf 83' lang='lat'>3</span> <span class='ocrx_word' id='word_1_70' title='bbox 1094 1243 1145 1298; x_wconf 92' lang='lat' dir='ltr'><strong>pro</strong></span> 
     </span>
    </p>

    <p class='ocr_par' dir='ltr' id='par_1_6' title="bbox 163 1300 1151 3774">
     <span class='ocr_line' id='line_1_11' title="bbox 179 1300 1144 1376; baseline 0.002 -20"><span class='ocrx_word' id='word_1_71' title='bbox 179 1301 247 1358; x_wconf 76' lang='lat' dir='ltr'><strong>laed</strong></span> <span class='ocrx_word' id='word_1_72' title='bbox 270 1303 380 1358; x_wconf 82' lang='lat' dir='ltr'><strong>snmmd</strong></span> <span class='ocrx_word' id='word_1_73' title='bbox 399 1301 525 1375; x_wconf 85' lang='lat' dir='ltr'><strong>pecuniae</strong></span> <span class='ocrx_word' id='word_1_74' title='bbox 545 1300 642 1374; x_wconf 89' lang='lat' dir='ltr'><strong>viginti</strong></span> <span class='ocrx_word' id='word_1_75' title='bbox 668 1302 791 1375; x_wconf 90' lang='lat' dir='ltr'><strong>quinque</strong></span> <span class='ocrx_word' id='word_1_76' title='bbox 820 1302 906 1358; x_wconf 89' lang='lat' dir='ltr'><strong>millia</strong></span> <span class='ocrx_word' id='word_1_77' title='bbox 924 1303 1015 1376; x_wconf 90' lang='lat' dir='ltr'><strong>pondo</strong></span> <span class='ocrx_word' id='word_1_78' title='bbox 1035 1301 1144 1376; x_wconf 83' lang='lat' dir='ltr'><strong>argenti</strong></span> 
     </span>
     <span class='ocr_line' id='line_1_12' title="bbox 163 1379 1147 1454; baseline 0.006 -22"><span class='ocrx_word' id='word_1_79' title='bbox 163 1418 170 1432; x_wconf 51' lang='lat' dir='ltr'><strong>r</strong></span> <span class='ocrx_word' id='word_1_80' title='bbox 211 1380 357 1454; x_wconf 73' lang='lat' dir='ltr'><strong>praesentia</strong></span> <span class='ocrx_word' id='word_1_81' title='bbox 381 1389 500 1436; x_wconf 78' lang='lat' dir='ltr'><strong>exenta:</strong></span> <span class='ocrx_word' id='word_1_82' title='bbox 534 1379 707 1452; x_wconf 72' lang='lat' dir='ltr'><strong>induciaeque</strong></span> <span class='ocrx_word' id='word_1_83' title='bbox 728 1379 1004 1454; x_wconf 81' lang='lat' dir='ltr'><strong>Carthaginiensibus</strong></span> <span class='ocrx_word' id='word_1_84' title='bbox 1021 1379 1093 1436; x_wconf 81' lang='lat' dir='ltr'><strong>detta</strong></span> <span class='ocrx_word' id='word_1_85' title='bbox 1114 1379 1147 1439; x_wconf 80' lang='lat' dir='ltr'><strong>iu</strong></span> 
     </span>
     <span class='ocr_line' id='line_1_13' title="bbox 211 1455 1146 1531; baseline 0 -17"><span class='ocrx_word' id='word_1_86' title='bbox 211 1467 267 1514; x_wconf 84' lang='lat' dir='ltr'><strong>tres</strong></span> <span class='ocrx_word' id='word_1_87' title='bbox 288 1475 405 1513; x_wconf 83' lang='lat' dir='ltr'><strong>meuses</strong></span> <span class='ocrx_word' id='word_1_88' title='bbox 445 1456 591 1527; x_wconf 77' lang='lat' dir='ltr'><strong>Additum,</strong></span> <span class='ocrx_word' id='word_1_89' title='bbox 611 1475 647 1514; x_wconf 89' lang='lat' dir='ltr'><strong>nc</strong></span> <span class='ocrx_word' id='word_1_90' title='bbox 661 1475 709 1531; x_wconf 89' lang='lat' dir='ltr'><strong>per</strong></span> <span class='ocrx_word' id='word_1_91' title='bbox 723 1457 896 1514; x_wconf 87' lang='lat' dir='ltr'><strong>induciarum</strong></span> <span class='ocrx_word' id='word_1_92' title='bbox 911 1469 1019 1531; x_wconf 87' lang='lat' dir='ltr'><strong>tempus</strong></span> <span class='ocrx_word' id='word_1_93' title='bbox 1031 1455 1085 1512; x_wconf 83' lang='lat' dir='ltr'><strong>alib</strong></span> <span class='ocrx_word' id='word_1_94' title='bbox 1100 1472 1146 1514; x_wconf 86' lang='lat' dir='ltr'><strong>us·</strong></span> 
     </span>
     <span class='ocr_line' id='line_1_14' title="bbox 210 1525 1146 1609; baseline 0 -19"><span class='ocrx_word' id='word_1_95' title='bbox 210 1551 304 1608; x_wconf 85' lang='lat' dir='ltr'><strong>quam,</strong></span> <span class='ocrx_word' id='word_1_96' title='bbox 317 1535 400 1608; x_wconf 75' lang='lat' dir='ltr'><strong>quim</strong></span> <span class='ocrx_word' id='word_1_97' title='bbox 413 1535 544 1604; x_wconf 87' lang='lat' dir='ltr'><strong>Romam,</strong></span> <span class='ocrx_word' id='word_1_98' title='bbox 558 1525 698 1594; x_wconf 78' lang='lat' dir='ltr'><strong>mitterent</strong></span> <span class='ocrx_word' id='word_1_99' title='bbox 717 1533 837 1609; x_wconf 85' lang='lat' dir='ltr'><strong>legatos:</strong></span> <span class='ocrx_word' id='word_1_100' title='bbox 867 1545 904 1605; x_wconf 87' lang='lat' dir='ltr'><strong>et,</strong></span> <span class='ocrx_word' id='word_1_101' title='bbox 927 1535 1092 1608; x_wconf 75' lang='lat' dir='ltr'><strong>quicumque</strong></span> <span class='ocrx_word' id='word_1_102' title='bbox 1106 1533 1146 1590; x_wconf 87' lang='lat' dir='ltr'><strong>le-</strong></span> 
     </span>
     <span class='ocr_line' id='line_1_15' title="bbox 210 1611 1147 1686; baseline 0.003 -19"><span class='ocrx_word' id='word_1_103' title='bbox 210 1611 267 1686; x_wconf 83' lang='lat' dir='ltr'><strong>gati</strong></span> <span class='ocrx_word' id='word_1_104' title='bbox 281 1612 478 1686; x_wconf 78' lang='lat' dir='ltr'><strong>Carthaginem</strong></span> <span class='ocrx_word' id='word_1_105' title='bbox 494 1613 642 1683; x_wconf 84' lang='lat' dir='ltr'><strong>venissent,</strong></span> <span class='ocrx_word' id='word_1_106' title='bbox 666 1631 701 1668; x_wconf 87' lang='lat' dir='ltr'><strong>no</strong></span> <span class='ocrx_word' id='word_1_107' title='bbox 725 1611 789 1670; x_wconf 76' lang='lat' dir='ltr'><strong>antri</strong></span> <span class='ocrx_word' id='word_1_108' title='bbox 803 1613 971 1670; x_wconf 86' lang='lat' dir='ltr'><strong>dimitterent</strong></span> <span class='ocrx_word' id='word_1_109' title='bbox 985 1629 1041 1679; x_wconf 87' lang='lat' dir='ltr'><strong>eos,</strong></span> <span class='ocrx_word' id='word_1_110' title='bbox 1062 1612 1147 1686; x_wconf 79' lang='lat' dir='ltr'><strong>quaint</strong></span> 
     </span>
     <span class='ocr_line' id='line_1_16' title="bbox 179 1687 1148 1764; baseline 0.003 -21"><span class='ocrx_word' id='word_1_111' title='bbox 179 1687 371 1745; x_wconf 81' lang='lat' dir='ltr'><strong>rcRontannm</strong></span> <span class='ocrx_word' id='word_1_112' title='bbox 398 1691 600 1763; x_wconf 82' lang='lat' dir='ltr'><strong>imperatorem,</strong></span> <span class='ocrx_word' id='word_1_113' title='bbox 620 1689 676 1762; x_wconf 91' lang='lat' dir='ltr'><strong>qui,</strong></span> <span class='ocrx_word' id='word_1_114' title='bbox 697 1701 725 1746; x_wconf 88' lang='lat' dir='ltr'><strong>et</strong></span> <span class='ocrx_word' id='word_1_115' title='bbox 754 1709 814 1764; x_wconf 81' lang='lat' dir='ltr'><strong>quae</strong></span> <span class='ocrx_word' id='word_1_116' title='bbox 843 1702 967 1764; x_wconf 86' lang='lat' dir='ltr'><strong>petentes</strong></span> <span class='ocrx_word' id='word_1_117' title='bbox 995 1690 1148 1761; x_wconf 81' lang='lat' dir='ltr'><strong>venissent,</strong></span> 
     </span>
     <span class='ocr_line' id='line_1_17' title="bbox 210 1765 1147 1842; baseline 0.002 -20"><span class='ocrx_word' id='word_1_118' title='bbox 210 1765 355 1822; x_wconf 77' lang='lat' dir='ltr'><strong>certiorem</strong></span> <span class='ocrx_word' id='word_1_119' title='bbox 369 1765 501 1822; x_wconf 86' lang='lat' dir='ltr'><strong>facerent.</strong></span> <span class='ocrx_word' id='word_1_120' title='bbox 535 1766 608 1822; x_wconf 90' lang='lat' dir='ltr'><strong>Cum</strong></span> <span class='ocrx_word' id='word_1_121' title='bbox 622 1767 719 1840; x_wconf 87' lang='lat' dir='ltr'><strong>legatis</strong></span> <span class='ocrx_word' id='word_1_122' title='bbox 733 1767 1009 1842; x_wconf 83' lang='lat' dir='ltr'><strong>Carthaginiensibus</strong></span> <span class='ocrx_word' id='word_1_123' title='bbox 1022 1767 1147 1824; x_wconf 85' lang='lat' dir='ltr'><strong>Romam</strong></span> 
     </span>
     <span class='ocr_line' id='line_1_18' title="bbox 211 1842 1146 1918; baseline 0.003 -19"><span class='ocrx_word' id='word_1_124' title='bbox 211 1843 288 1899; x_wconf 84' lang='lat' dir='ltr'><strong>missi</strong></span> <span class='ocrx_word' id='word_1_125' title='bbox 302 1842 334 1898; x_wconf 89' lang='lat' dir='ltr'><strong>L.</strong></span> <span class='ocrx_word' id='word_1_126' title='bbox 348 1842 480 1898; x_wconf 88' lang='lat' dir='ltr'><strong>Veturius</strong></span> <span class='ocrx_word' id='word_1_127' title='bbox 495 1842 582 1913; x_wconf 76' lang='lat' dir='ltr'><strong>Philo,</strong></span> <span class='ocrx_word' id='word_1_128' title='bbox 605 1854 634 1898; x_wconf 90' lang='lat' dir='ltr'><strong>et</strong></span> <span class='ocrx_word' id='word_1_129' title='bbox 651 1843 693 1900; x_wconf 90' lang='lat' dir='ltr'><strong>M.</strong></span> <span class='ocrx_word' id='word_1_130' title='bbox 708 1844 833 1900; x_wconf 89' lang='lat' dir='ltr'><strong>Marcius</strong></span> <span class='ocrx_word' id='word_1_131' title='bbox 846 1845 936 1915; x_wconf 84' lang='lat' dir='ltr'><strong>Ralla,</strong></span> <span class='ocrx_word' id='word_1_132' title='bbox 950 1856 978 1902; x_wconf 91' lang='lat' dir='ltr'><strong>et</strong></span> <span class='ocrx_word' id='word_1_133' title='bbox 991 1843 1023 1902; x_wconf 92' lang='lat' dir='ltr'><strong>L.</strong></span> <span class='ocrx_word' id='word_1_134' title='bbox 1039 1845 1146 1918; x_wconf 85' lang='lat' dir='ltr'><strong>Scipio,</strong></span> 
     </span>
     <span class='ocr_line' id='line_1_19' title="bbox 212 1919 1147 1992; baseline 0.001 -16"><span class='ocrx_word' id='word_1_135' title='bbox 212 1919 382 1992; x_wconf 87' lang='lat' dir='ltr'><strong>imperatoris</strong></span> <span class='ocrx_word' id='word_1_136' title='bbox 395 1919 487 1975; x_wconf 79' lang='lat' dir='ltr'><strong>irater.</strong></span> <span class='ocrx_word' id='word_1_137' title='bbox 527 1919 579 1974; x_wconf 89' lang='lat' dir='ltr'><strong>Per</strong></span> <span class='ocrx_word' id='word_1_138' title='bbox 593 1937 640 1976; x_wconf 90' lang='lat' dir='ltr'><strong>eos</strong></span> <span class='ocrx_word' id='word_1_139' title='bbox 653 1921 714 1977; x_wconf 89' lang='lat' dir='ltr'><strong>dies</strong></span> <span class='ocrx_word' id='word_1_140' title='bbox 726 1932 897 1978; x_wconf 77' lang='lat' dir='ltr'><strong>commeatus</strong></span> <span class='ocrx_word' id='word_1_141' title='bbox 916 1941 951 1980; x_wconf 85' lang='lat' dir='ltr'><strong>ex</strong></span> <span class='ocrx_word' id='word_1_142' title='bbox 971 1922 1065 1978; x_wconf 75' lang='lat' dir='ltr'><strong>Sicilia</strong></span> <span class='ocrx_word' id='word_1_143' title='bbox 1079 1922 1147 1978; x_wconf 86' lang='lat' dir='ltr'><strong>Ser·</strong></span> 
     </span>
     <span class='ocr_line' id='line_1_20' title="bbox 212 1995 1147 2071; baseline 0.001 -18"><span class='ocrx_word' id='word_1_144' title='bbox 212 1997 342 2068; x_wconf 79' lang='lat' dir='ltr'><strong>dinidque</strong></span> <span class='ocrx_word' id='word_1_145' title='bbox 353 2003 458 2050; x_wconf 78' lang='lat' dir='ltr'><strong>tantam</strong></span> <span class='ocrx_word' id='word_1_146' title='bbox 474 1995 606 2054; x_wconf 85' lang='lat' dir='ltr'><strong>vilitatem</strong></span> <span class='ocrx_word' id='word_1_147' title='bbox 624 2013 741 2053; x_wconf 75' lang='lat' dir='ltr'><strong>annonae</strong></span> <span class='ocrx_word' id='word_1_148' title='bbox 754 1997 915 2063; x_wconf 85' lang='lat' dir='ltr'><strong>effecerunt,</strong></span> <span class='ocrx_word' id='word_1_149' title='bbox 928 2010 958 2053; x_wconf 88' lang='lat' dir='ltr'><strong>ut</strong></span> <span class='ocrx_word' id='word_1_150' title='bbox 971 2018 1019 2071; x_wconf 90' lang='lat' dir='ltr'><strong>pro</strong></span> <span class='ocrx_word' id='word_1_151' title='bbox 1032 1997 1147 2054; x_wconf 61' lang='lat' dir='ltr'><strong>vectura</strong></span> 
     </span>
     <span class='ocr_line' id='line_1_21' title="bbox 179 2071 1146 2145; baseline 0.001 -16"><span class='ocrx_word' id='word_1_152' title='bbox 179 2089 204 2130; x_wconf 83' lang='lat' dir='ltr'><strong>ao</strong></span> <span class='ocrx_word' id='word_1_153' title='bbox 214 2073 380 2130; x_wconf 80' lang='lat' dir='ltr'><strong>frumentum</strong></span> <span class='ocrx_word' id='word_1_154' title='bbox 394 2083 529 2128; x_wconf 83' lang='lat' dir='ltr'><strong>mercetur</strong></span> <span class='ocrx_word' id='word_1_155' title='bbox 544 2073 634 2128; x_wconf 82' lang='lat' dir='ltr'><strong>nautis</strong></span> <span class='ocrx_word' id='word_1_156' title='bbox 648 2071 822 2145; x_wconf 88' lang='lat' dir='ltr'><strong>relinqueret.</strong></span> <span class='ocrx_word' id='word_1_157' title='bbox 851 2073 960 2144; x_wconf 54' lang='lat' dir='ltr'><strong>Roma</strong></span> <span class='ocrx_word' id='word_1_158' title='bbox 969 2075 1003 2130; x_wconf 84' lang='lat' dir='ltr'><strong>ad</strong></span> <span class='ocrx_word' id='word_1_159' title='bbox 1016 2075 1146 2136; x_wconf 87' lang='lat' dir='ltr'><strong>nuntium</strong></span> 
     </span>
     <span class='ocr_line' id='line_1_22' title="bbox 212 2149 1145 2226; baseline 0.002 -20"><span class='ocrx_word' id='word_1_160' title='bbox 212 2151 331 2226; x_wconf 86' lang='lat' dir='ltr'><strong>primum</strong></span> <span class='ocrx_word' id='word_1_161' title='bbox 352 2149 508 2206; x_wconf 77' lang='lat' dir='ltr'><strong>rebellionis</strong></span> <span class='ocrx_word' id='word_1_162' title='bbox 536 2149 816 2223; x_wconf 84' lang='lat' dir='ltr'><strong>Carthaginiensium,</strong></span> <span class='ocrx_word' id='word_1_163' title='bbox 842 2151 1007 2224; x_wconf 86' lang='lat' dir='ltr'><strong>trepidatum</strong></span> <span class='ocrx_word' id='word_1_164' title='bbox 1032 2151 1145 2222; x_wconf 61' lang='lat' dir='ltr'><strong>sueram</strong></span> 
     </span>
     <span class='ocr_line' id='line_1_23' title="bbox 210 2225 1146 2304; baseline 0 -20"><span class='ocrx_word' id='word_1_165' title='bbox 210 2227 356 2304; x_wconf 84' lang='lat' dir='ltr'><strong>jussusque</strong></span> <span class='ocrx_word' id='word_1_166' title='bbox 370 2238 428 2283; x_wconf 85' lang='lat' dir='ltr'><strong>eret</strong></span> <span class='ocrx_word' id='word_1_167' title='bbox 441 2226 488 2284; x_wconf 87' lang='lat' dir='ltr'><strong>Ti.</strong></span> <span class='ocrx_word' id='word_1_168' title='bbox 503 2225 636 2283; x_wconf 88' lang='lat' dir='ltr'><strong>Claudius</strong></span> <span class='ocrx_word' id='word_1_169' title='bbox 659 2226 766 2282; x_wconf 71' lang='lat' dir='ltr'><strong>mature.</strong></span> <span class='ocrx_word' id='word_1_170' title='bbox 779 2227 809 2282; x_wconf 89' lang='lat' dir='ltr'><strong>in</strong></span> <span class='ocrx_word' id='word_1_171' title='bbox 826 2227 951 2286; x_wconf 84' lang='lat' dir='ltr'><strong>Siciliam</strong></span> <span class='ocrx_word' id='word_1_172' title='bbox 964 2228 1081 2286; x_wconf 85' lang='lat' dir='ltr'><strong>classem</strong></span> <span class='ocrx_word' id='word_1_173' title='bbox 1094 2229 1146 2284; x_wconf 92' lang='lat' dir='ltr'><strong>du·</strong></span> 
     </span>
     <span class='ocr_line' id='line_1_24' title="bbox 213 2303 1146 2378; baseline 0.002 -16"><span class='ocrx_word' id='word_1_174' title='bbox 213 2323 285 2373; x_wconf 87' lang='lat' dir='ltr'><strong>cera,</strong></span> <span class='ocrx_word' id='word_1_175' title='bbox 315 2315 396 2378; x_wconf 85' lang='lat' dir='ltr'><strong>atque</strong></span> <span class='ocrx_word' id='word_1_176' title='bbox 425 2305 491 2362; x_wconf 92' lang='lat' dir='ltr'><strong>inde</strong></span> <span class='ocrx_word' id='word_1_177' title='bbox 518 2304 547 2362; x_wconf 92' lang='lat' dir='ltr'><strong>in</strong></span> <span class='ocrx_word' id='word_1_178' title='bbox 574 2304 700 2360; x_wconf 83' lang='lat' dir='ltr'><strong>Africam</strong></span> <span class='ocrx_word' id='word_1_179' title='bbox 728 2303 874 2378; x_wconf 82' lang='lat' dir='ltr'><strong>trajicere3</strong></span> <span class='ocrx_word' id='word_1_180' title='bbox 906 2315 935 2360; x_wconf 90' lang='lat' dir='ltr'><strong>et</strong></span> <span class='ocrx_word' id='word_1_181' title='bbox 960 2305 1027 2362; x_wconf 86' lang='lat' dir='ltr'><strong>alter</strong></span> <span class='ocrx_word' id='word_1_182' title='bbox 1047 2305 1146 2364; x_wconf 84' lang='lat' dir='ltr'><strong>consul</strong></span> 
     </span>
     <span class='ocr_line' id='line_1_25' title="bbox 213 2380 1147 2454; baseline -0.001 -15"><span class='ocrx_word' id='word_1_183' title='bbox 213 2381 254 2439; x_wconf 84' lang='grc' dir='ltr'><strong>Μ.</strong></span> <span class='ocrx_word' id='word_1_184' title='bbox 268 2383 401 2440; x_wconf 77' lang='lat' dir='ltr'><strong>Servilius</strong></span> <span class='ocrx_word' id='word_1_185' title='bbox 414 2383 448 2440; x_wconf 88' lang='lat' dir='ltr'><strong>ad</strong></span> <span class='ocrx_word' id='word_1_186' title='bbox 461 2382 564 2438; x_wconf 89' lang='lat' dir='ltr'><strong>Urbem</strong></span> <span class='ocrx_word' id='word_1_187' title='bbox 585 2381 694 2446; x_wconf 85' lang='lat' dir='ltr'><strong>morari,</strong></span> <span class='ocrx_word' id='word_1_188' title='bbox 708 2380 798 2437; x_wconf 90' lang='lat' dir='ltr'><strong>donec</strong></span> <span class='ocrx_word' id='word_1_189' title='bbox 818 2396 872 2454; x_wconf 88' lang='lat' dir='ltr'><strong>qno</strong></span> <span class='ocrx_word' id='word_1_190' title='bbox 885 2391 957 2438; x_wconf 86' lang='lat' dir='ltr'><strong>statu</strong></span> <span class='ocrx_word' id='word_1_191' title='bbox 970 2401 1014 2438; x_wconf 88' lang='lat' dir='ltr'><strong>res</strong></span> <span class='ocrx_word' id='word_1_192' title='bbox 1027 2381 1055 2438; x_wconf 87' lang='lat' dir='ltr'><strong>in</strong></span> <span class='ocrx_word' id='word_1_193' title='bbox 1070 2381 1147 2438; x_wconf 77' lang='lat' dir='ltr'><strong>asri-</strong></span> 
     </span>
     <span class='ocr_line' id='line_1_26' title="bbox 180 2458 1147 2534; baseline 0.001 -19"><span class='ocrx_word' id='word_1_194' title='bbox 180 2461 248 2517; x_wconf 81' lang='lat' dir='ltr'><strong>aoed</strong></span> <span class='ocrx_word' id='word_1_195' title='bbox 268 2471 370 2526; x_wconf 83' lang='lat' dir='ltr'><strong>essent,</strong></span> <span class='ocrx_word' id='word_1_196' title='bbox 393 2461 517 2518; x_wconf 91' lang='lat' dir='ltr'><strong>sciretur.</strong></span> <span class='ocrx_word' id='word_1_197' title='bbox 558 2459 686 2534; x_wconf 81' lang='lat' dir='ltr'><strong>segniter</strong></span> <span class='ocrx_word' id='word_1_198' title='bbox 698 2458 792 2516; x_wconf 86' lang='lat' dir='ltr'><strong>omnia</strong></span> <span class='ocrx_word' id='word_1_199' title='bbox 805 2459 833 2514; x_wconf 89' lang='lat' dir='ltr'><strong>in</strong></span> <span class='ocrx_word' id='word_1_200' title='bbox 854 2459 1040 2532; x_wconf 75' lang='lat' dir='ltr'><strong>comparandi</strong></span> <span class='ocrx_word' id='word_1_201' title='bbox 1058 2458 1147 2516; x_wconf 85' lang='lat' dir='ltr'><strong>dedu·</strong></span> 
     </span>
     <span class='ocr_line' id='line_1_27' title="bbox 213 2534 1146 2611; baseline 0.001 -15"><span class='ocrx_word' id='word_1_202' title='bbox 213 2537 357 2611; x_wconf 80' lang='lat' dir='ltr'><strong>cenddque</strong></span> <span class='ocrx_word' id='word_1_203' title='bbox 371 2538 458 2594; x_wconf 87' lang='lat' dir='ltr'><strong>classe</strong></span> <span class='ocrx_word' id='word_1_204' title='bbox 471 2537 507 2592; x_wconf 87' lang='lat' dir='ltr'><strong>nb</strong></span> <span class='ocrx_word' id='word_1_205' title='bbox 521 2536 567 2592; x_wconf 86' lang='lat' dir='ltr'><strong>Ti.</strong></span> <span class='ocrx_word' id='word_1_206' title='bbox 582 2535 699 2592; x_wconf 87' lang='lat' dir='ltr'><strong>Claudio</strong></span> <span class='ocrx_word' id='word_1_207' title='bbox 712 2535 824 2592; x_wconf 85' lang='lat' dir='ltr'><strong>consule</strong></span> <span class='ocrx_word' id='word_1_208' title='bbox 846 2536 917 2592; x_wconf 86' lang='lat' dir='ltr'><strong>lanta</strong></span> <span class='ocrx_word' id='word_1_209' title='bbox 930 2547 1023 2606; x_wconf 85' lang='lat' dir='ltr'><strong>erent;</strong></span> <span class='ocrx_word' id='word_1_210' title='bbox 1069 2534 1146 2609; x_wconf 71' lang='lat' dir='ltr'><strong>quod</strong></span> 
     </span>
     <span class='ocr_line' id='line_1_28' title="bbox 213 2612 1147 2689; baseline 0 -17"><span class='ocrx_word' id='word_1_211' title='bbox 213 2613 308 2672; x_wconf 87' lang='lat' dir='ltr'><strong>Patres</strong></span> <span class='ocrx_word' id='word_1_212' title='bbox 320 2615 356 2670; x_wconf 85' lang='lat' dir='ltr'><strong>de</strong></span> <span class='ocrx_word' id='word_1_213' title='bbox 377 2633 445 2688; x_wconf 83' lang='lat' dir='ltr'><strong>pace</strong></span> <span class='ocrx_word' id='word_1_214' title='bbox 460 2613 599 2688; x_wconf 85' lang='lat' dir='ltr'><strong>Scipionis</strong></span> <span class='ocrx_word' id='word_1_215' title='bbox 612 2612 703 2687; x_wconf 72' lang='lat' dir='ltr'><strong>potiris</strong></span> <span class='ocrx_word' id='word_1_216' title='bbox 717 2613 859 2670; x_wconf 87' lang='lat' dir='ltr'><strong>arbitrium</strong></span> <span class='ocrx_word' id='word_1_217' title='bbox 872 2631 942 2680; x_wconf 78' lang='lat' dir='ltr'><strong>esse,</strong></span> <span class='ocrx_word' id='word_1_218' title='bbox 964 2614 1063 2687; x_wconf 88' lang='lat' dir='ltr'><strong>quibus</strong></span> <span class='ocrx_word' id='word_1_219' title='bbox 1077 2613 1147 2689; x_wconf 85' lang='lat' dir='ltr'><strong>legi·</strong></span> 
     </span>
     <span class='ocr_line' id='line_1_29' title="bbox 212 2690 1145 2766; baseline 0 -19"><span class='ocrx_word' id='word_1_220' title='bbox 212 2693 264 2747; x_wconf 90' lang='lat' dir='ltr'><strong>bus</strong></span> <span class='ocrx_word' id='word_1_221' title='bbox 278 2692 397 2760; x_wconf 86' lang='lat' dir='ltr'><strong>daretur,</strong></span> <span class='ocrx_word' id='word_1_222' title='bbox 417 2690 499 2766; x_wconf 76' lang='lat' dir='ltr'><strong>quim</strong></span> <span class='ocrx_word' id='word_1_223' title='bbox 522 2691 651 2760; x_wconf 83' lang='lat' dir='ltr'><strong>consulis,</strong></span> <span class='ocrx_word' id='word_1_224' title='bbox 670 2702 843 2748; x_wconf 84' lang='lat' dir='ltr'><strong>censuerunt.</strong></span> <span class='ocrx_word' id='word_1_225' title='bbox 884 2691 1012 2766; x_wconf 82' lang='lat' dir='ltr'><strong>Prodigia</strong></span> <span class='ocrx_word' id='word_1_226' title='bbox 1022 2709 1145 2765; x_wconf 82' lang='lat' dir='ltr'><strong>quoque.</strong></span> 
     </span>
     <span class='ocr_line' id='line_1_30' title="bbox 214 2767 1144 2842; baseline 0 -18"><span class='ocrx_word' id='word_1_227' title='bbox 214 2769 340 2824; x_wconf 87' lang='lat' dir='ltr'><strong>nuntiata</strong></span> <span class='ocrx_word' id='word_1_228' title='bbox 353 2769 405 2823; x_wconf 90' lang='lat' dir='ltr'><strong>sub</strong></span> <span class='ocrx_word' id='word_1_229' title='bbox 426 2770 511 2842; x_wconf 86' lang='lat' dir='ltr'><strong>ipsam</strong></span> <span class='ocrx_word' id='word_1_230' title='bbox 534 2769 635 2824; x_wconf 89' lang='lat' dir='ltr'><strong>samam</strong></span> <span class='ocrx_word' id='word_1_231' title='bbox 658 2767 824 2835; x_wconf 88' lang='lat' dir='ltr'><strong>rebellionis,</strong></span> <span class='ocrx_word' id='word_1_232' title='bbox 838 2780 967 2826; x_wconf 88' lang='lat' dir='ltr'><strong>terrorem</strong></span> <span class='ocrx_word' id='word_1_233' title='bbox 989 2769 1144 2824; x_wconf 84' lang='lat' dir='ltr'><strong>attulerant.</strong></span> 
     </span>
     <span class='ocr_line' id='line_1_31' title="bbox 181 2845 1145 2920; baseline 0 -18"><span class='ocrx_word' id='word_1_234' title='bbox 181 2861 206 2902; x_wconf 79' lang='lat' dir='ltr'><strong>aa</strong></span> <span class='ocrx_word' id='word_1_235' title='bbox 215 2845 313 2904; x_wconf 82' lang='lat' dir='ltr'><strong>Cumis</strong></span> <span class='ocrx_word' id='word_1_236' title='bbox 326 2845 392 2900; x_wconf 87' lang='lat' dir='ltr'><strong>solis</strong></span> <span class='ocrx_word' id='word_1_237' title='bbox 410 2846 484 2902; x_wconf 92' lang='lat' dir='ltr'><strong>orbis</strong></span> <span class='ocrx_word' id='word_1_238' title='bbox 503 2845 591 2900; x_wconf 85' lang='lat' dir='ltr'><strong>minui</strong></span> <span class='ocrx_word' id='word_1_239' title='bbox 612 2845 693 2910; x_wconf 87' lang='lat' dir='ltr'><strong>visus,</strong></span> <span class='ocrx_word' id='word_1_240' title='bbox 714 2855 741 2902; x_wconf 89' lang='lat' dir='ltr'><strong>et</strong></span> <span class='ocrx_word' id='word_1_241' title='bbox 754 2845 824 2918; x_wconf 88' lang='lat' dir='ltr'><strong>pluit</strong></span> <span class='ocrx_word' id='word_1_242' title='bbox 836 2846 944 2920; x_wconf 87' lang='lat' dir='ltr'><strong>lapideo</strong></span> <span class='ocrx_word' id='word_1_243' title='bbox 957 2846 1053 2904; x_wconf 89' lang='lat' dir='ltr'><strong>imbri:</strong></span> <span class='ocrx_word' id='word_1_244' title='bbox 1073 2845 1145 2902; x_wconf 83' lang='lat' dir='ltr'><strong>etin</strong></span> 
     </span>
     <span class='ocr_line' id='line_1_32' title="bbox 215 2921 1147 2998; baseline -0.001 -17"><span class='ocrx_word' id='word_1_245' title='bbox 215 2922 359 2981; x_wconf 75' lang='lat' dir='ltr'><strong>Veliterno</strong></span> <span class='ocrx_word' id='word_1_246' title='bbox 372 2941 437 2998; x_wconf 80' lang='lat' dir='ltr'><strong>agro</strong></span> <span class='ocrx_word' id='word_1_247' title='bbox 450 2933 522 2980; x_wconf 81' lang='lat' dir='ltr'><strong>terra</strong></span> <span class='ocrx_word' id='word_1_248' title='bbox 541 2921 701 2996; x_wconf 85' lang='lat' dir='ltr'><strong>ingentibus</strong></span> <span class='ocrx_word' id='word_1_249' title='bbox 723 2924 847 2980; x_wconf 88' lang='lat' dir='ltr'><strong>cavernis</strong></span> <span class='ocrx_word' id='word_1_250' title='bbox 868 2923 1003 2996; x_wconf 81' lang='lat' dir='ltr'><strong>consedit,</strong></span> <span class='ocrx_word' id='word_1_251' title='bbox 1023 2923 1147 2980; x_wconf 84' lang='lat' dir='ltr'><strong>arbores·</strong></span> 
     </span>
     <span class='ocr_line' id='line_1_33' title="bbox 213 2999 1145 3076; baseline 0 -18"><span class='ocrx_word' id='word_1_252' title='bbox 213 3019 266 3075; x_wconf 90' lang='lat' dir='ltr'><strong>que</strong></span> <span class='ocrx_word' id='word_1_253' title='bbox 279 3001 309 3058; x_wconf 94' lang='lat' dir='ltr'><strong>in</strong></span> <span class='ocrx_word' id='word_1_254' title='bbox 323 2999 488 3074; x_wconf 87' lang='lat' dir='ltr'><strong>profundum</strong></span> <span class='ocrx_word' id='word_1_255' title='bbox 501 3000 615 3056; x_wconf 79' lang='lat' dir='ltr'><strong>haustae.</strong></span> <span class='ocrx_word' id='word_1_256' title='bbox 655 2999 758 3056; x_wconf 80' lang='lat' dir='ltr'><strong>Aricire</strong></span> <span class='ocrx_word' id='word_1_257' title='bbox 770 3000 867 3067; x_wconf 87' lang='lat' dir='ltr'><strong>lorum,</strong></span> <span class='ocrx_word' id='word_1_258' title='bbox 881 3011 909 3067; x_wconf 81' lang='lat' dir='ltr'><strong>et</strong></span> <span class='ocrx_word' id='word_1_259' title='bbox 928 3000 1002 3058; x_wconf 75' lang='lat' dir='ltr'><strong>circi</strong></span> <span class='ocrx_word' id='word_1_260' title='bbox 1013 3000 1145 3076; x_wconf 77' lang='lat' dir='ltr'><strong>tabernae,</strong></span> 
     </span>
     <span class='ocr_line' id='line_1_34' title="bbox 213 3077 1147 3152; baseline -0.001 -15"><span class='ocrx_word' id='word_1_261' title='bbox 213 3079 370 3138; x_wconf 83' lang='lat' dir='ltr'><strong>Frusinone</strong></span> <span class='ocrx_word' id='word_1_262' title='bbox 391 3093 486 3134; x_wconf 87' lang='lat' dir='ltr'><strong>murus</strong></span> <span class='ocrx_word' id='word_1_263' title='bbox 509 3077 611 3150; x_wconf 78' lang='lat' dir='ltr'><strong>aliquot</strong></span> <span class='ocrx_word' id='word_1_264' title='bbox 622 3077 700 3147; x_wconf 89' lang='lat' dir='ltr'><strong>locis,</strong></span> <span class='ocrx_word' id='word_1_265' title='bbox 713 3089 839 3152; x_wconf 85' lang='lat' dir='ltr'><strong>etporta,</strong></span> <span class='ocrx_word' id='word_1_266' title='bbox 857 3079 894 3134; x_wconf 89' lang='lat' dir='ltr'><strong>de</strong></span> <span class='ocrx_word' id='word_1_267' title='bbox 913 3079 985 3136; x_wconf 83' lang='lat' dir='ltr'><strong>noelo</strong></span> <span class='ocrx_word' id='word_1_268' title='bbox 997 3088 1087 3136; x_wconf 84' lang='lat' dir='ltr'><strong>tanta:</strong></span> <span class='ocrx_word' id='word_1_269' title='bbox 1116 3090 1147 3142; x_wconf 84' lang='lat' dir='ltr'><strong>ot</strong></span> 
     </span>
     <span class='ocr_line' id='line_1_35' title="bbox 214 3155 1147 3230; baseline 0.001 -15"><span class='ocrx_word' id='word_1_270' title='bbox 214 3156 243 3216; x_wconf 87' lang='lat' dir='ltr'><strong>in</strong></span> <span class='ocrx_word' id='word_1_271' title='bbox 266 3156 371 3212; x_wconf 83' lang='lat' dir='ltr'><strong>Palatio</strong></span> <span class='ocrx_word' id='word_1_272' title='bbox 393 3155 530 3230; x_wconf 84' lang='lat' dir='ltr'><strong>lapidibus</strong></span> <span class='ocrx_word' id='word_1_273' title='bbox 553 3155 629 3229; x_wconf 89' lang='lat' dir='ltr'><strong>pluit.</strong></span> <span class='ocrx_word' id='word_1_274' title='bbox 669 3155 703 3210; x_wconf 84' lang='lat' dir='ltr'><strong>ltl</strong></span> <span class='ocrx_word' id='word_1_275' title='bbox 721 3156 875 3230; x_wconf 86' lang='lat' dir='ltr'><strong>prodigium</strong></span> <span class='ocrx_word' id='word_1_276' title='bbox 895 3175 970 3214; x_wconf 84' lang='lat' dir='ltr'><strong>more</strong></span> <span class='ocrx_word' id='word_1_277' title='bbox 990 3156 1077 3230; x_wconf 85' lang='lat' dir='ltr'><strong>patrio</strong></span> <span class='ocrx_word' id='word_1_278' title='bbox 1096 3176 1147 3216; x_wconf 83' lang='lat' dir='ltr'><strong>no·</strong></span> 
     </span>
     <span class='ocr_line' id='line_1_36' title="bbox 180 3227 1146 3307; baseline 0 -13"><span class='ocrx_word' id='word_1_279' title='bbox 180 3251 206 3294; x_wconf 80' lang='lat' dir='ltr'><strong>tt</strong></span> <span class='ocrx_word' id='word_1_280' title='bbox 215 3233 344 3292; x_wconf 78' lang='lat' dir='ltr'><strong>tamdiali</strong></span> <span class='ocrx_word' id='word_1_281' title='bbox 357 3253 445 3304; x_wconf 85' lang='lat' dir='ltr'><strong>sacro,</strong></span> <span class='ocrx_word' id='word_1_282' title='bbox 459 3227 560 3288; x_wconf 71' lang='lat' dir='ltr'><strong>estere</strong></span> <span class='ocrx_word' id='word_1_283' title='bbox 573 3232 667 3290; x_wconf 86' lang='lat' dir='ltr'><strong>hostiis</strong></span> <span class='ocrx_word' id='word_1_284' title='bbox 685 3232 833 3306; x_wconf 86' lang='lat' dir='ltr'><strong>majoribus</strong></span> <span class='ocrx_word' id='word_1_285' title='bbox 844 3234 972 3306; x_wconf 87' lang='lat' dir='ltr'><strong>expiata:</strong></span> <span class='ocrx_word' id='word_1_286' title='bbox 1000 3234 1070 3292; x_wconf 89' lang='lat' dir='ltr'><strong>inter</strong></span> <span class='ocrx_word' id='word_1_287' title='bbox 1083 3251 1146 3307; x_wconf 74' lang='lat' dir='ltr'><strong>qun</strong></span> 
     </span>
     <span class='ocr_line' id='line_1_37' title="bbox 214 3309 1146 3385; baseline 0.001 -16"><span class='ocrx_word' id='word_1_288' title='bbox 214 3312 297 3370; x_wconf 83' lang='lat' dir='ltr'><strong>etiam</strong></span> <span class='ocrx_word' id='word_1_289' title='bbox 325 3329 457 3384; x_wconf 86' lang='lat' dir='ltr'><strong>aquarum</strong></span> <span class='ocrx_word' id='word_1_290' title='bbox 482 3309 592 3372; x_wconf 79' lang='lat' dir='ltr'><strong>insolita</strong></span> <span class='ocrx_word' id='word_1_291' title='bbox 617 3309 787 3384; x_wconf 48' lang='lat' dir='ltr'><strong>magnitudo¹</strong></span> <span class='ocrx_word' id='word_1_292' title='bbox 805 3310 832 3367; x_wconf 93' lang='lat' dir='ltr'><strong>in</strong></span> <span class='ocrx_word' id='word_1_293' title='bbox 860 3310 1020 3385; x_wconf 86' lang='lat' dir='ltr'><strong>religionem</strong></span> <span class='ocrx_word' id='word_1_294' title='bbox 1045 3330 1146 3370; x_wconf 83' lang='lat' dir='ltr'><strong>versa:</strong></span> 
     </span>
     <span class='ocr_line' id='line_1_38' title="bbox 213 3387 1148 3461; baseline -0.009 -14"><span class='ocrx_word' id='word_1_295' title='bbox 213 3407 279 3448; x_wconf 83' lang='lat' dir='ltr'><strong>nam</strong></span> <span class='ocrx_word' id='word_1_296' title='bbox 293 3389 331 3446; x_wconf 86' lang='lat' dir='ltr'><strong>ite</strong></span> <span class='ocrx_word' id='word_1_297' title='bbox 344 3388 493 3447; x_wconf 83' lang='lat' dir='ltr'><strong>abundavit</strong></span> <span class='ocrx_word' id='word_1_298' title='bbox 507 3387 629 3454; x_wconf 89' lang='lat' dir='ltr'><strong>Tiberis,</strong></span> <span class='ocrx_word' id='word_1_299' title='bbox 644 3399 674 3444; x_wconf 89' lang='lat' dir='ltr'><strong>ut</strong></span> <span class='ocrx_word' id='word_1_300' title='bbox 691 3387 749 3443; x_wconf 86' lang='lat' dir='ltr'><strong>ludi</strong></span> <span class='ocrx_word' id='word_1_301' title='bbox 772 3387 954 3461; x_wconf 83' lang='lat' dir='ltr'><strong>Apollinares,</strong></span> <span class='ocrx_word' id='word_1_302' title='bbox 969 3388 1052 3445; x_wconf 86' lang='lat' dir='ltr'><strong>Circo</strong></span> <span class='ocrx_word' id='word_1_303' title='bbox 1064 3388 1148 3448; x_wconf 74' lang='lat' dir='ltr'><strong>inuu-</strong></span> 
     </span>
     <span class='ocr_line' id='line_1_39' title="bbox 214 3463 1148 3541; baseline -0.009 -17"><span class='ocrx_word' id='word_1_304' title='bbox 214 3468 287 3536; x_wconf 86' lang='lat' dir='ltr'><strong>dato,</strong></span> <span class='ocrx_word' id='word_1_305' title='bbox 302 3477 382 3526; x_wconf 80' lang='lat' dir='ltr'><strong>extra</strong></span> <span class='ocrx_word' id='word_1_306' title='bbox 394 3477 499 3541; x_wconf 83' lang='lat' dir='ltr'><strong>portam</strong></span> <span class='ocrx_word' id='word_1_307' title='bbox 514 3464 650 3522; x_wconf 90' lang='lat' dir='ltr'><strong>Collinam</strong></span> <span class='ocrx_word' id='word_1_308' title='bbox 660 3464 694 3522; x_wconf 89' lang='lat' dir='ltr'><strong>ad</strong></span> <span class='ocrx_word' id='word_1_309' title='bbox 708 3464 794 3522; x_wconf 60' lang='lat' dir='ltr'><strong>mem</strong></span> <span class='ocrx_word' id='word_1_310' title='bbox 804 3463 931 3539; x_wconf 73' lang='lat' dir='ltr'><strong>Erycino</strong></span> <span class='ocrx_word' id='word_1_311' title='bbox 941 3465 1059 3525; x_wconf 87' lang='lat' dir='ltr'><strong>Veneris</strong></span> <span class='ocrx_word' id='word_1_312' title='bbox 1068 3483 1148 3538; x_wconf 72' lang='lat' dir='ltr'><strong>pera.</strong></span> 
     </span>
     <span class='ocr_line' id='line_1_40' title="bbox 214 3539 1149 3620; baseline -0.002 -18"><span class='ocrx_word' id='word_1_313' title='bbox 214 3545 236 3602; x_wconf 89' lang='lat' dir='ltr'><strong>ti</strong></span> <span class='ocrx_word' id='word_1_314' title='bbox 250 3545 312 3601; x_wconf 88' lang='lat' dir='ltr'><strong>sint.</strong></span> <span class='ocrx_word' id='word_1_315' title='bbox 353 3542 492 3602; x_wconf 76' lang='lat' dir='ltr'><strong>Caeterum</strong></span> <span class='ocrx_word' id='word_1_316' title='bbox 506 3539 632 3600; x_wconf 86' lang='lat' dir='ltr'><strong>ludorum</strong></span> <span class='ocrx_word' id='word_1_317' title='bbox 646 3542 705 3616; x_wconf 82' lang='lat' dir='ltr'><strong>ipso</strong></span> <span class='ocrx_word' id='word_1_318' title='bbox 718 3540 773 3608; x_wconf 82' lang='lat' dir='ltr'><strong>die,</strong></span> <span class='ocrx_word' id='word_1_319' title='bbox 794 3542 886 3598; x_wconf 79' lang='lat' dir='ltr'><strong>subita</strong></span> <span class='ocrx_word' id='word_1_320' title='bbox 908 3543 1054 3600; x_wconf 86' lang='lat' dir='ltr'><strong>serenitate</strong></span> <span class='ocrx_word' id='word_1_321' title='bbox 1076 3549 1149 3620; x_wconf 71' lang='lat' dir='ltr'><strong>artai,</strong></span> 
     </span>
     <span class='ocr_line' id='line_1_41' title="bbox 180 3617 1151 3698; baseline -0.007 -16"><span class='ocrx_word' id='word_1_322' title='bbox 180 3629 326 3698; x_wconf 77' lang='lat' dir='ltr'><strong>capompa,</strong></span> <span class='ocrx_word' id='word_1_323' title='bbox 336 3622 404 3680; x_wconf 88' lang='lat' dir='ltr'><strong>duci</strong></span> <span class='ocrx_word' id='word_1_324' title='bbox 417 3632 509 3695; x_wconf 87' lang='lat' dir='ltr'><strong>ooepte</strong></span> <span class='ocrx_word' id='word_1_325' title='bbox 529 3619 682 3694; x_wconf 75' lang='lat' dir='ltr'><strong>adportant</strong></span> <span class='ocrx_word' id='word_1_326' title='bbox 697 3617 843 3690; x_wconf 84' lang='lat' dir='ltr'><strong>Collinam,</strong></span> <span class='ocrx_word' id='word_1_327' title='bbox 864 3631 990 3679; x_wconf 87' lang='lat' dir='ltr'><strong>revocata</strong></span> <span class='ocrx_word' id='word_1_328' title='bbox 1012 3619 1151 3692; x_wconf 76' lang='lat' dir='ltr'><strong>deducta.</strong></span> 
     </span>
     <span class='ocr_line' id='line_1_42' title="bbox 213 3695 1151 3774; baseline -0.002 -18"><span class='ocrx_word' id='word_1_329' title='bbox 213 3717 269 3774; x_wconf 82' lang='lat' dir='ltr'><strong>que</strong></span> <span class='ocrx_word' id='word_1_330' title='bbox 281 3699 311 3756; x_wconf 87' lang='lat' dir='ltr'><strong>in</strong></span> <span class='ocrx_word' id='word_1_331' title='bbox 326 3699 440 3756; x_wconf 84' lang='lat' dir='ltr'><strong>Circum</strong></span> <span class='ocrx_word' id='word_1_332' title='bbox 451 3709 503 3765; x_wconf 86' lang='lat' dir='ltr'><strong>est,</strong></span> <span class='ocrx_word' id='word_1_333' title='bbox 523 3713 608 3770; x_wconf 90' lang='lat' dir='ltr'><strong>quum</strong></span> <span class='ocrx_word' id='word_1_334' title='bbox 622 3695 773 3766; x_wconf 86' lang='lat' dir='ltr'><strong>decessisse</strong></span> <span class='ocrx_word' id='word_1_335' title='bbox 793 3697 858 3754; x_wconf 87' lang='lat' dir='ltr'><strong>iude</strong></span> <span class='ocrx_word' id='word_1_336' title='bbox 879 3715 976 3770; x_wconf 85' lang='lat' dir='ltr'><strong>aquarn</strong></span> <span class='ocrx_word' id='word_1_337' title='bbox 989 3697 1151 3765; x_wconf 80' lang='lat' dir='ltr'><strong>nuntiatum</strong></span> 
     </span>
    </p>
   </div>
   <div class='ocr_carea' id='block_1_4' title="bbox 211 3771 1152 3930">
    <p class='ocr_par' dir='ltr' id='par_1_7' title="bbox 211 3771 1152 3930">
     <span class='ocr_line' id='line_1_43' title="bbox 211 3771 1152 3850; baseline -0.004 -14"><span class='ocrx_word' id='word_1_338' title='bbox 211 3787 307 3836; x_wconf 81' lang='lat' dir='ltr'><strong>essetr</strong></span> <span class='ocrx_word' id='word_1_339' title='bbox 326 3776 503 3850; x_wconf 67' lang='lat' dir='ltr'><strong>letitiamque</strong></span> <span class='ocrx_word' id='word_1_340' title='bbox 517 3773 617 3848; x_wconf 86' lang='lat' dir='ltr'><strong>populo</strong></span> <span class='ocrx_word' id='word_1_341' title='bbox 635 3785 663 3830; x_wconf 91' lang='lat' dir='ltr'><strong>et</strong></span> <span class='ocrx_word' id='word_1_342' title='bbox 682 3774 756 3832; x_wconf 86' lang='lat' dir='ltr'><strong>ludis</strong></span> <span class='ocrx_word' id='word_1_343' title='bbox 771 3774 959 3832; x_wconf 63' lang='lat' dir='ltr'><strong>celebrantem</strong></span> <span class='ocrx_word' id='word_1_344' title='bbox 980 3771 1086 3832; x_wconf 72' lang='lat' dir='ltr'><strong>addulit</strong></span> <span class='ocrx_word' id='word_1_345' title='bbox 1105 3795 1152 3850; x_wconf 49' lang='lat' dir='ltr'><strong>so,</strong></span> 
     </span>
     <span class='ocr_line' id='line_1_44' title="bbox 216 3851 752 3930; baseline -0.017 -16"><span class='ocrx_word' id='word_1_346' title='bbox 216 3857 266 3914; x_wconf 80' lang='lat' dir='ltr'><strong>dcc</strong></span> <span class='ocrx_word' id='word_1_347' title='bbox 279 3873 331 3912; x_wconf 86' lang='lat' dir='ltr'><strong>sua</strong></span> <span class='ocrx_word' id='word_1_348' title='bbox 343 3853 450 3910; x_wconf 89' lang='lat' dir='ltr'><strong>solenni</strong></span> <span class='ocrx_word' id='word_1_349' title='bbox 463 3851 623 3930; x_wconf 83' lang='lat' dir='ltr'><strong>spectaculo</strong></span> <span class='ocrx_word' id='word_1_350' title='bbox 636 3851 752 3907; x_wconf 91' lang='lat' dir='ltr'><strong>reddita.</strong></span> 
     </span>
    </p>
   </div>
   <div class='ocr_carea' id='block_1_5' title="bbox 0 0 1320 4200">
    <p class='ocr_par' dir='ltr' id='par_1_8' title="bbox 0 0 1320 4200">
     <span class='ocr_line' id='line_1_45' title="bbox 0 0 1320 4200; baseline 0 0"><span class='ocrx_word' id='word_1_351' title='bbox 0 0 1320 4200; x_wconf 95' lang='lat' dir='ltr'><strong> </strong></span> 
     </span>
    </p>
   </div>
  </div>
 </body>
</html>
