<?xml version="1.0" encoding="UTF-8"?>
<!DOCTYPE html PUBLIC "-//W3C//DTD XHTML 1.0 Transitional//EN"
    "http://www.w3.org/TR/xhtml1/DTD/xhtml1-transitional.dtd">
<html xmlns="http://www.w3.org/1999/xhtml" xml:lang="en" lang="en">
 <head>
  <title>
</title>
<meta http-equiv="Content-Type" content="text/html;charset=utf-8" />
  <meta name='ocr-system' content='tesseract 3.04.00' />
  <meta name='ocr-capabilities' content='ocr_page ocr_carea ocr_par ocr_line ocrx_word'/>
</head>
<body>
  <div class='ocr_page' id='page_1' title='image "./historiarumetse02livygoog_0276.png"; bbox 0 0 2620 4200; ppageno 0'>
   <div class='ocr_carea' id='block_1_1' title="bbox 484 351 1135 416">
    <p class='ocr_par' dir='ltr' id='par_1_1' title="bbox 484 351 1135 416">
     <span class='ocr_line' id='line_1_1' title="bbox 484 351 1135 416; baseline 0.005 -14"><span class='ocrx_word' id='word_1_1' title='bbox 484 353 589 404; x_wconf 80' lang='lat' dir='ltr'>LIBER</span> <span class='ocrx_word' id='word_1_2' title='bbox 603 351 724 406; x_wconf 69' lang='lat' dir='ltr'><strong>XXXIV.¹</strong></span> <span class='ocrx_word' id='word_1_3' title='bbox 746 369 806 407; x_wconf 73' lang='lat' dir='ltr'><strong>css.</strong></span> <span class='ocrx_word' id='word_1_4' title='bbox 817 371 855 404; x_wconf 81' lang='lat' dir='ltr'><strong>vr.</strong></span> <span class='ocrx_word' id='word_1_5' title='bbox 1076 353 1135 416; x_wconf 70' lang='lat'><strong>255</strong></span> 
     </span>
    </p>
   </div>
   <div class='ocr_carea' id='block_1_2' title="bbox 200 491 1147 730">
    <p class='ocr_par' dir='ltr' id='par_1_2' title="bbox 200 491 1147 730">
     <span class='ocr_line' id='line_1_2' title="bbox 200 491 1147 572; baseline 0.003 -20"><span class='ocrx_word' id='word_1_6' title='bbox 200 491 293 570; x_wconf 87' lang='lat' dir='ltr'><strong>“quid</strong></span> <span class='ocrx_word' id='word_1_7' title='bbox 312 495 424 552; x_wconf 88' lang='lat' dir='ltr'><strong>tandem</strong></span> <span class='ocrx_word' id='word_1_8' title='bbox 443 495 508 552; x_wconf 88' lang='lat' dir='ltr'><strong>nori</strong></span> <span class='ocrx_word' id='word_1_9' title='bbox 527 506 659 555; x_wconf 80' lang='lat' dir='ltr'><strong>matrona</strong></span> <span class='ocrx_word' id='word_1_10' title='bbox 679 498 814 569; x_wconf 85' lang='lat' dir='ltr'><strong>lecerunt,</strong></span> <span class='ocrx_word' id='word_1_11' title='bbox 833 495 907 572; x_wconf 71' lang='lat' dir='ltr'><strong>qued</strong></span> <span class='ocrx_word' id='word_1_12' title='bbox 928 495 1086 571; x_wconf 87' lang='lat' dir='ltr'><strong>frequentes</strong></span> <span class='ocrx_word' id='word_1_13' title='bbox 1105 497 1147 555; x_wconf 92' lang='lat' dir='ltr'><strong>iu·</strong></span> 
     </span>
     <span class='ocr_line' id='line_1_3' title="bbox 201 572 1137 652; baseline 0.002 -22"><span class='ocrx_word' id='word_1_14' title='bbox 201 572 220 604; x_wconf 91' lang='lat'><strong>“</strong></span> <span class='ocrx_word' id='word_1_15' title='bbox 227 574 314 630; x_wconf 74' lang='lat' dir='ltr'><strong>caueri</strong></span> <span class='ocrx_word' id='word_1_16' title='bbox 327 574 361 630; x_wconf 85' lang='lat' dir='ltr'><strong>ad</strong></span> <span class='ocrx_word' id='word_1_17' title='bbox 375 593 404 630; x_wconf 89' lang='lat' dir='ltr'><strong>se</strong></span> <span class='ocrx_word' id='word_1_18' title='bbox 417 575 573 647; x_wconf 89' lang='lat' dir='ltr'><strong>pertinente</strong></span> <span class='ocrx_word' id='word_1_19' title='bbox 596 576 626 632; x_wconf 91' lang='lat' dir='ltr'><strong>in</strong></span> <span class='ocrx_word' id='word_1_20' title='bbox 647 578 788 651; x_wconf 82' lang='lat' dir='ltr'><strong>publicum</strong></span> <span class='ocrx_word' id='word_1_21' title='bbox 801 577 1014 652; x_wconf 65' lang='lat' dir='ltr'><strong>processerunt?</strong></span> <span class='ocrx_word' id='word_1_22' title='bbox 1054 575 1137 632; x_wconf 91' lang='lat' dir='ltr'><strong>Nun-</strong></span> 
     </span>
     <span class='ocr_line' id='line_1_4' title="bbox 202 651 1137 730; baseline 0.002 -22"><span class='ocrx_word' id='word_1_23' title='bbox 202 651 309 725; x_wconf 89' lang='lat' dir='ltr'><strong>“quam</strong></span> <span class='ocrx_word' id='word_1_24' title='bbox 336 662 400 708; x_wconf 87' lang='lat' dir='ltr'><strong>ente</strong></span> <span class='ocrx_word' id='word_1_25' title='bbox 427 652 480 708; x_wconf 85' lang='lat' dir='ltr'><strong>hoe</strong></span> <span class='ocrx_word' id='word_1_26' title='bbox 500 663 609 728; x_wconf 92' lang='lat' dir='ltr'><strong>tempus</strong></span> <span class='ocrx_word' id='word_1_27' title='bbox 628 654 656 710; x_wconf 93' lang='lat' dir='ltr'><strong>in</strong></span> <span class='ocrx_word' id='word_1_28' title='bbox 677 655 789 730; x_wconf 88' lang='lat' dir='ltr'><strong>publico</strong></span> <span class='ocrx_word' id='word_1_29' title='bbox 809 654 1017 729; x_wconf 85' lang='lat' dir='ltr'><strong>apparuerurrtl</strong></span> <span class='ocrx_word' id='word_1_30' title='bbox 1057 652 1137 710; x_wconf 79' lang='lat' dir='ltr'><strong>Tuas</strong></span> 
     </span>
    </p>
   </div>
   <div class='ocr_carea' id='block_1_3' title="bbox 166 728 1157 2522">
    <p class='ocr_par' dir='ltr' id='par_1_3' title="bbox 166 728 1157 2522">
     <span class='ocr_line' id='line_1_5' title="bbox 202 728 1137 806; baseline 0.001 -20"><span class='ocrx_word' id='word_1_31' title='bbox 202 728 359 788; x_wconf 84' lang='lat' dir='ltr'><strong>“adversus</strong></span> <span class='ocrx_word' id='word_1_32' title='bbox 383 741 410 787; x_wconf 88' lang='lat' dir='ltr'><strong>te</strong></span> <span class='ocrx_word' id='word_1_33' title='bbox 441 731 621 804; x_wconf 81' lang='lat' dir='ltr'><strong>‘Origines&#39;</strong></span> <span class='ocrx_word' id='word_1_34' title='bbox 644 734 790 790; x_wconf 80' lang='lat' dir='ltr'><strong>revolvam.</strong></span> <span class='ocrx_word' id='word_1_35' title='bbox 844 732 962 806; x_wconf 78' lang='lat' dir='ltr'><strong>Accipe,</strong></span> <span class='ocrx_word' id='word_1_36' title='bbox 982 729 1089 805; x_wconf 87' lang='lat' dir='ltr'><strong>quoties</strong></span> <span class='ocrx_word' id='word_1_37' title='bbox 1108 731 1137 787; x_wconf 92' lang='lat' dir='ltr'><strong>id</strong></span> 
     </span>
     <span class='ocr_line' id='line_1_6' title="bbox 181 807 1139 886; baseline 0.001 -21"><span class='ocrx_word' id='word_1_38' title='bbox 181 807 355 880; x_wconf 76' lang='lat' dir='ltr'><strong>s“fecerint,</strong></span> <span class='ocrx_word' id='word_1_39' title='bbox 375 819 403 866; x_wconf 90' lang='lat' dir='ltr'><strong>et</strong></span> <span class='ocrx_word' id='word_1_40' title='bbox 421 809 533 882; x_wconf 89' lang='lat' dir='ltr'><strong>quidem</strong></span> <span class='ocrx_word' id='word_1_41' title='bbox 547 829 655 884; x_wconf 86' lang='lat' dir='ltr'><strong>semper</strong></span> <span class='ocrx_word' id='word_1_42' title='bbox 675 811 748 868; x_wconf 92' lang='lat' dir='ltr'><strong>bono</strong></span> <span class='ocrx_word' id='word_1_43' title='bbox 769 811 889 886; x_wconf 87' lang='lat' dir='ltr'><strong>publico.</strong></span> <span class='ocrx_word' id='word_1_44' title='bbox 930 810 994 866; x_wconf 88' lang='lat' dir='ltr'><strong>Jam</strong></span> <span class='ocrx_word' id='word_1_45' title='bbox 1008 828 1024 865; x_wconf 89' lang='lat' dir='ltr'><strong>a</strong></span> <span class='ocrx_word' id='word_1_46' title='bbox 1037 809 1139 883; x_wconf 88' lang='lat' dir='ltr'><strong>princi·</strong></span> 
     </span>
     <span class='ocr_line' id='line_1_7' title="bbox 200 885 1138 964; baseline 0.002 -22"><span class='ocrx_word' id='word_1_47' title='bbox 200 885 281 960; x_wconf 88' lang='lat' dir='ltr'><strong>“pio,</strong></span> <span class='ocrx_word' id='word_1_48' title='bbox 295 898 431 961; x_wconf 78' lang='lat' dir='ltr'><strong>regnante</strong></span> <span class='ocrx_word' id='word_1_49' title='bbox 444 887 574 957; x_wconf 88' lang='lat' dir='ltr'><strong>Romulo,</strong></span> <span class='ocrx_word' id='word_1_50' title='bbox 588 907 684 960; x_wconf 88' lang='lat' dir='ltr'><strong>quum,</strong></span> <span class='ocrx_word' id='word_1_51' title='bbox 702 890 840 964; x_wconf 87' lang='lat' dir='ltr'><strong>Capitolio</strong></span> <span class='ocrx_word' id='word_1_52' title='bbox 859 889 895 944; x_wconf 86' lang='lat' dir='ltr'><strong>ab</strong></span> <span class='ocrx_word' id='word_1_53' title='bbox 916 887 1027 944; x_wconf 84' lang='lat' dir='ltr'>Sabinis</span> <span class='ocrx_word' id='word_1_54' title='bbox 1047 897 1138 961; x_wconf 86' lang='lat' dir='ltr'><strong>capto,</strong></span> 
     </span>
     <span class='ocr_line' id='line_1_8' title="bbox 199 963 1140 1039; baseline 0.002 -19"><span class='ocrx_word' id='word_1_55' title='bbox 199 963 218 998; x_wconf 89' lang='lat'><strong>“</strong></span> <span class='ocrx_word' id='word_1_56' title='bbox 227 965 320 1022; x_wconf 87' lang='lat' dir='ltr'><strong>medio</strong></span> <span class='ocrx_word' id='word_1_57' title='bbox 333 966 362 1020; x_wconf 91' lang='lat' dir='ltr'><strong>in</strong></span> <span class='ocrx_word' id='word_1_58' title='bbox 376 965 435 1022; x_wconf 82' lang='lat' dir='ltr'><strong>loro</strong></span> <span class='ocrx_word' id='word_1_59' title='bbox 447 965 534 1039; x_wconf 84' lang='lat' dir='ltr'><strong>signis</strong></span> <span class='ocrx_word' id='word_1_60' title='bbox 546 965 653 1022; x_wconf 87' lang='lat' dir='ltr'><strong>collatis</strong></span> <span class='ocrx_word' id='word_1_61' title='bbox 666 967 853 1037; x_wconf 79' lang='lat' dir='ltr'><strong>dimicaretur,</strong></span> <span class='ocrx_word' id='word_1_62' title='bbox 867 984 961 1022; x_wconf 89' lang='lat' dir='ltr'><strong>norme</strong></span> <span class='ocrx_word' id='word_1_63' title='bbox 982 966 1140 1022; x_wconf 75' lang='lat' dir='ltr'><strong>intercursu</strong></span> 
     </span>
     <span class='ocr_line' id='line_1_9' title="bbox 200 1041 1140 1118; baseline 0.001 -20"><span class='ocrx_word' id='word_1_64' title='bbox 200 1041 218 1074; x_wconf 90' lang='lat'><strong>“</strong></span> <span class='ocrx_word' id='word_1_65' title='bbox 227 1052 413 1100; x_wconf 75' lang='lat' dir='ltr'><strong>matronarum</strong></span> <span class='ocrx_word' id='word_1_66' title='bbox 428 1043 499 1100; x_wconf 88' lang='lat' dir='ltr'><strong>inter</strong></span> <span class='ocrx_word' id='word_1_67' title='bbox 512 1044 588 1100; x_wconf 85' lang='lat' dir='ltr'><strong>acies</strong></span> <span class='ocrx_word' id='word_1_68' title='bbox 601 1044 671 1100; x_wconf 88' lang='lat' dir='ltr'><strong>duas</strong></span> <span class='ocrx_word' id='word_1_69' title='bbox 681 1046 806 1118; x_wconf 88' lang='lat' dir='ltr'><strong>proelium</strong></span> <span class='ocrx_word' id='word_1_70' title='bbox 818 1046 945 1102; x_wconf 85' lang='lat' dir='ltr'><strong>sedatum</strong></span> <span class='ocrx_word' id='word_1_71' title='bbox 955 1054 998 1100; x_wconf 88' lang='lat' dir='ltr'><strong>est</strong></span> <span class='ocrx_word' id='word_1_72' title='bbox 1009 1046 1020 1098; x_wconf 83' lang='lat' dir='ltr'><strong>l</strong></span> <span class='ocrx_word' id='word_1_73' title='bbox 1040 1042 1140 1102; x_wconf 76' lang='lat' dir='ltr'><strong>Quidt</strong></span> 
     </span>
     <span class='ocr_line' id='line_1_10' title="bbox 200 1121 1141 1196; baseline 0.001 -20"><span class='ocrx_word' id='word_1_74' title='bbox 200 1121 340 1196; x_wconf 82' lang='lat' dir='ltr'><strong>“regibus</strong></span> <span class='ocrx_word' id='word_1_75' title='bbox 360 1121 475 1187; x_wconf 87' lang='lat' dir='ltr'><strong>exactis,</strong></span> <span class='ocrx_word' id='word_1_76' title='bbox 495 1140 590 1194; x_wconf 89' lang='lat' dir='ltr'><strong>quum,</strong></span> <span class='ocrx_word' id='word_1_77' title='bbox 613 1123 762 1180; x_wconf 84' lang='lat' dir='ltr'><strong>Coriolano</strong></span> <span class='ocrx_word' id='word_1_78' title='bbox 783 1123 891 1179; x_wconf 87' lang='lat' dir='ltr'><strong>Marcio</strong></span> <span class='ocrx_word' id='word_1_79' title='bbox 911 1123 993 1189; x_wconf 84' lang='lat' dir='ltr'><strong>duce,</strong></span> <span class='ocrx_word' id='word_1_80' title='bbox 1015 1121 1141 1196; x_wconf 80' lang='lat' dir='ltr'><strong>legiones</strong></span> 
     </span>
     <span class='ocr_line' id='line_1_11' title="bbox 170 1199 1141 1276; baseline 0.004 -24"><span class='ocrx_word' id='word_1_81' title='bbox 170 1213 193 1252; x_wconf 85' lang='lat' dir='ltr'><strong>ro</strong></span> <span class='ocrx_word' id='word_1_82' title='bbox 201 1199 219 1232; x_wconf 87' lang='lat'>“</span> <span class='ocrx_word' id='word_1_83' title='bbox 228 1199 393 1256; x_wconf 83' lang='lat' dir='ltr'><strong>Volscorum</strong></span> <span class='ocrx_word' id='word_1_84' title='bbox 407 1211 497 1255; x_wconf 84' lang='lat' dir='ltr'><strong>castra</strong></span> <span class='ocrx_word' id='word_1_85' title='bbox 515 1201 548 1254; x_wconf 90' lang='lat' dir='ltr'><strong>ad</strong></span> <span class='ocrx_word' id='word_1_86' title='bbox 571 1200 698 1274; x_wconf 88' lang='lat' dir='ltr'><strong>quintum</strong></span> <span class='ocrx_word' id='word_1_87' title='bbox 717 1202 839 1276; x_wconf 71' lang='lat' dir='ltr'><strong>lapidem</strong></span> <span class='ocrx_word' id='word_1_88' title='bbox 860 1201 1025 1275; x_wconf 84' lang='lat' dir='ltr'><strong>posuissent,</strong></span> <span class='ocrx_word' id='word_1_89' title='bbox 1046 1215 1141 1256; x_wconf 87' lang='lat' dir='ltr'><strong>nonne</strong></span> 
     </span>
     <span class='ocr_line' id='line_1_12' title="bbox 201 1276 1143 1352; baseline -0.001 -19"><span class='ocrx_word' id='word_1_90' title='bbox 201 1276 257 1333; x_wconf 88' lang='lat' dir='ltr'><strong>“id</strong></span> <span class='ocrx_word' id='word_1_91' title='bbox 278 1295 387 1352; x_wconf 82' lang='lat' dir='ltr'><strong>agmen,</strong></span> <span class='ocrx_word' id='word_1_92' title='bbox 408 1295 462 1350; x_wconf 90' lang='lat' dir='ltr'><strong>quo</strong></span> <span class='ocrx_word' id='word_1_93' title='bbox 481 1277 580 1333; x_wconf 89' lang='lat' dir='ltr'><strong>obruta</strong></span> <span class='ocrx_word' id='word_1_94' title='bbox 606 1279 665 1334; x_wconf 84' lang='lat' dir='ltr'><strong>lraec</strong></span> <span class='ocrx_word' id='word_1_95' title='bbox 689 1280 755 1336; x_wconf 92' lang='lat' dir='ltr'><strong>urbs</strong></span> <span class='ocrx_word' id='word_1_96' title='bbox 774 1290 856 1345; x_wconf 88' lang='lat' dir='ltr'><strong>esset,</strong></span> <span class='ocrx_word' id='word_1_97' title='bbox 884 1289 1016 1334; x_wconf 73' lang='lat' dir='ltr'><strong>matronae</strong></span> <span class='ocrx_word' id='word_1_98' title='bbox 1037 1287 1143 1333; x_wconf 85' lang='lat' dir='ltr'><strong>averte·</strong></span> 
     </span>
     <span class='ocr_line' id='line_1_13' title="bbox 202 1355 1141 1436; baseline -0.001 -25"><span class='ocrx_word' id='word_1_99' title='bbox 202 1357 315 1412; x_wconf 88' lang='lat' dir='ltr'><strong>“runtl</strong></span> <span class='ocrx_word' id='word_1_100' title='bbox 344 1355 428 1436; x_wconf 77' lang='lat' dir='ltr'><strong>¹lam,</strong></span> <span class='ocrx_word' id='word_1_101' title='bbox 442 1355 511 1410; x_wconf 91' lang='lat' dir='ltr'><strong>urbe</strong></span> <span class='ocrx_word' id='word_1_102' title='bbox 524 1367 605 1430; x_wconf 84' lang='lat' dir='ltr'><strong>capta</strong></span> <span class='ocrx_word' id='word_1_103' title='bbox 618 1375 635 1412; x_wconf 89' lang='lat' dir='ltr'><strong>a</strong></span> <span class='ocrx_word' id='word_1_104' title='bbox 648 1357 746 1424; x_wconf 88' lang='lat' dir='ltr'><strong>Gallis,</strong></span> <span class='ocrx_word' id='word_1_105' title='bbox 767 1377 822 1432; x_wconf 91' lang='lat' dir='ltr'><strong>quo</strong></span> <span class='ocrx_word' id='word_1_106' title='bbox 842 1358 985 1430; x_wconf 81' lang='lat' dir='ltr'><strong>redempta</strong></span> <span class='ocrx_word' id='word_1_107' title='bbox 997 1355 1064 1412; x_wconf 88' lang='lat' dir='ltr'><strong>urbs</strong></span> <span class='ocrx_word' id='word_1_108' title='bbox 1077 1357 1141 1411; x_wconf 77' lang='lat' dir='ltr'><strong>esti</strong></span> 
     </span>
     <span class='ocr_line' id='line_1_14' title="bbox 202 1433 1143 1508; baseline 0 -18"><span class='ocrx_word' id='word_1_109' title='bbox 202 1437 329 1508; x_wconf 85' lang='lat' dir='ltr'><strong>“nempe</strong></span> <span class='ocrx_word' id='word_1_110' title='bbox 350 1452 446 1490; x_wconf 90' lang='lat' dir='ltr'><strong>aurum</strong></span> <span class='ocrx_word' id='word_1_111' title='bbox 476 1441 606 1490; x_wconf 84' lang='lat' dir='ltr'><strong>matronae</strong></span> <span class='ocrx_word' id='word_1_112' title='bbox 634 1453 773 1492; x_wconf 91' lang='lat' dir='ltr'><strong>consensu</strong></span> <span class='ocrx_word' id='word_1_113' title='bbox 802 1435 977 1504; x_wconf 85' lang='lat' dir='ltr'><strong>omniumin</strong></span> <span class='ocrx_word' id='word_1_114' title='bbox 998 1433 1143 1508; x_wconf 89' lang='lat' dir='ltr'><strong>publicum</strong></span> 
     </span>
     <span class='ocr_line' id='line_1_15' title="bbox 202 1511 1143 1590; baseline -0.001 -22"><span class='ocrx_word' id='word_1_115' title='bbox 202 1512 414 1570; x_wconf 82' lang='lat' dir='ltr'><strong>“contulerunt</strong></span> <span class='ocrx_word' id='word_1_116' title='bbox 456 1511 584 1567; x_wconf 89' lang='lat' dir='ltr'><strong>Proximo</strong></span> <span class='ocrx_word' id='word_1_117' title='bbox 598 1512 670 1568; x_wconf 91' lang='lat' dir='ltr'><strong>bello</strong></span> <span class='ocrx_word' id='word_1_118' title='bbox 685 1513 734 1584; x_wconf 87' lang='lat' dir='ltr'><strong>(ne</strong></span> <span class='ocrx_word' id='word_1_119' title='bbox 753 1514 866 1587; x_wconf 88' lang='lat' dir='ltr'><strong>antique</strong></span> <span class='ocrx_word' id='word_1_120' title='bbox 888 1513 1025 1590; x_wconf 88' lang='lat' dir='ltr'><strong>repetam)</strong></span> <span class='ocrx_word' id='word_1_121' title='bbox 1047 1528 1143 1568; x_wconf 88' lang='lat' dir='ltr'><strong>nonne</strong></span> 
     </span>
     <span class='ocr_line' id='line_1_16' title="bbox 171 1584 1154 1665; baseline 0.004 -23"><span class='ocrx_word' id='word_1_122' title='bbox 171 1593 221 1642; x_wconf 59' lang='grc' dir='ltr'><strong>ιιιε</strong></span> <span class='ocrx_word' id='word_1_123' title='bbox 230 1600 267 1655; x_wconf 88' lang='lat' dir='ltr'><strong>et,</strong></span> <span class='ocrx_word' id='word_1_124' title='bbox 282 1609 366 1664; x_wconf 89' lang='lat' dir='ltr'><strong>quum</strong></span> <span class='ocrx_word' id='word_1_125' title='bbox 381 1590 505 1664; x_wconf 77' lang='lat' dir='ltr'><strong>pecunia</strong></span> <span class='ocrx_word' id='word_1_126' title='bbox 516 1609 586 1664; x_wconf 83' lang='lat' dir='ltr'><strong>opus</strong></span> <span class='ocrx_word' id='word_1_127' title='bbox 600 1591 660 1656; x_wconf 87' lang='lat' dir='ltr'><strong>suit,</strong></span> <span class='ocrx_word' id='word_1_128' title='bbox 675 1584 820 1648; x_wconf 85' lang='lat' dir='ltr'><strong>viduarum</strong></span> <span class='ocrx_word' id='word_1_129' title='bbox 836 1591 962 1665; x_wconf 72' lang='lat' dir='ltr'><strong>pecuniae</strong></span> <span class='ocrx_word' id='word_1_130' title='bbox 977 1591 1154 1665; x_wconf 55' lang='lat' dir='ltr'><strong>adjuverunt*</strong></span> 
     </span>
     <span class='ocr_line' id='line_1_17' title="bbox 202 1667 1154 1744; baseline 0.001 -21"><span class='ocrx_word' id='word_1_131' title='bbox 202 1669 375 1735; x_wconf 64' lang='lat' dir='ltr'><strong>“erarturm</strong></span> <span class='ocrx_word' id='word_1_132' title='bbox 405 1679 443 1740; x_wconf 91' lang='lat' dir='ltr'><strong>et,</strong></span> <span class='ocrx_word' id='word_1_133' title='bbox 466 1685 550 1741; x_wconf 86' lang='lat' dir='ltr'><strong>quum</strong></span> <span class='ocrx_word' id='word_1_134' title='bbox 572 1667 619 1724; x_wconf 92' lang='lat' dir='ltr'><strong>Dii</strong></span> <span class='ocrx_word' id='word_1_135' title='bbox 641 1687 751 1744; x_wconf 89' lang='lat' dir='ltr'><strong>quoque</strong></span> <span class='ocrx_word' id='word_1_136' title='bbox 774 1671 837 1726; x_wconf 90' lang='lat' dir='ltr'><strong>novi</strong></span> <span class='ocrx_word' id='word_1_137' title='bbox 856 1671 890 1726; x_wconf 89' lang='lat' dir='ltr'><strong>ad</strong></span> <span class='ocrx_word' id='word_1_138' title='bbox 904 1687 985 1744; x_wconf 92' lang='lat' dir='ltr'><strong>opem</strong></span> <span class='ocrx_word' id='word_1_139' title='bbox 999 1668 1154 1724; x_wconf 86' lang='lat' dir='ltr'><strong>serendam·</strong></span> 
     </span>
     <span class='ocr_line' id='line_1_18' title="bbox 201 1746 1144 1812; baseline 0 -12"><span class='ocrx_word' id='word_1_140' title='bbox 201 1746 320 1802; x_wconf 85' lang='lat' dir='ltr'><strong>“dubiis</strong></span> <span class='ocrx_word' id='word_1_141' title='bbox 346 1746 429 1801; x_wconf 87' lang='lat' dir='ltr'><strong>rebus</strong></span> <span class='ocrx_word' id='word_1_142' title='bbox 451 1757 667 1812; x_wconf 62' lang='lat' dir='ltr'><strong>arcesserentur,</strong></span> <span class='ocrx_word' id='word_1_143' title='bbox 695 1759 827 1804; x_wconf 78' lang='lat' dir='ltr'><strong>matronae</strong></span> <span class='ocrx_word' id='word_1_144' title='bbox 855 1748 989 1803; x_wconf 76' lang='lat' dir='ltr'><strong>universe</strong></span> <span class='ocrx_word' id='word_1_145' title='bbox 1010 1746 1045 1802; x_wconf 88' lang='lat' dir='ltr'><strong>ad</strong></span> <span class='ocrx_word' id='word_1_146' title='bbox 1066 1763 1144 1801; x_wconf 87' lang='lat' dir='ltr'><strong>mare</strong></span> 
     </span>
     <span class='ocr_line' id='line_1_19' title="bbox 202 1822 1144 1899; baseline 0 -20"><span class='ocrx_word' id='word_1_147' title='bbox 202 1824 358 1897; x_wconf 80' lang='lat' dir='ltr'><strong>“prolecta</strong></span> <span class='ocrx_word' id='word_1_148' title='bbox 373 1824 484 1879; x_wconf 87' lang='lat' dir='ltr'><strong>suntad</strong></span> <span class='ocrx_word' id='word_1_149' title='bbox 500 1822 619 1879; x_wconf 84' lang='lat' dir='ltr'><strong>Matrem</strong></span> <span class='ocrx_word' id='word_1_150' title='bbox 644 1823 747 1880; x_wconf 73' lang='lat' dir='ltr'><strong>idaeam</strong></span> <span class='ocrx_word' id='word_1_151' title='bbox 773 1825 990 1899; x_wconf 68' lang='lat' dir='ltr'><strong>accipiendam?</strong></span> <span class='ocrx_word' id='word_1_152' title='bbox 1031 1823 1144 1879; x_wconf 87' lang='lat' dir='ltr'><strong>‘Dissi-</strong></span> 
     </span>
     <span class='ocr_line' id='line_1_20' title="bbox 203 1901 1144 1974; baseline 0 -18"><span class='ocrx_word' id='word_1_153' title='bbox 203 1902 345 1969; x_wconf 80' lang='lat' dir='ltr'><strong>“‘milos‚’</strong></span> <span class='ocrx_word' id='word_1_154' title='bbox 371 1901 470 1974; x_wconf 87' lang='lat' dir='ltr'><strong>inquis,</strong></span> <span class='ocrx_word' id='word_1_155' title='bbox 497 1905 608 1956; x_wconf 77' lang='lat' dir='ltr'><strong>‘cause</strong></span> <span class='ocrx_word' id='word_1_156' title='bbox 632 1904 714 1957; x_wconf 67' lang='lat' dir='ltr'><strong>sunt!</strong></span> <span class='ocrx_word' id='word_1_157' title='bbox 756 1903 820 1959; x_wconf 87' lang='lat' dir='ltr'><strong>Nec</strong></span> <span class='ocrx_word' id='word_1_158' title='bbox 838 1904 904 1959; x_wconf 90' lang='lat' dir='ltr'><strong>mihi</strong></span> <span class='ocrx_word' id='word_1_159' title='bbox 920 1920 1020 1958; x_wconf 89' lang='lat' dir='ltr'><strong>causas</strong></span> <span class='ocrx_word' id='word_1_160' title='bbox 1034 1918 1144 1974; x_wconf 76' lang='lat' dir='ltr'><strong>equare</strong></span> 
     </span>
     <span class='ocr_line' id='line_1_21' title="bbox 166 1977 1145 2054; baseline 0 -20"><span class='ocrx_word' id='word_1_161' title='bbox 166 1979 397 2054; x_wconf 67' lang='lat' dir='ltr'><strong>suprapositum</strong></span> <span class='ocrx_word' id='word_1_162' title='bbox 411 1988 469 2034; x_wconf 90' lang='lat' dir='ltr'><strong>est:</strong></span> <span class='ocrx_word' id='word_1_163' title='bbox 491 1978 559 2033; x_wconf 85' lang='lat' dir='ltr'><strong>nihil</strong></span> <span class='ocrx_word' id='word_1_164' title='bbox 574 1979 765 2045; x_wconf 72' lang='lat' dir='ltr'><strong>novissmam,</strong></span> <span class='ocrx_word' id='word_1_165' title='bbox 779 1999 897 2054; x_wconf 81' lang='lat' dir='ltr'><strong>purgare</strong></span> <span class='ocrx_word' id='word_1_166' title='bbox 912 1980 978 2035; x_wconf 90' lang='lat' dir='ltr'><strong>satis</strong></span> <span class='ocrx_word' id='word_1_167' title='bbox 990 1989 1041 2035; x_wconf 87' lang='lat' dir='ltr'><strong>est.</strong></span> <span class='ocrx_word' id='word_1_168' title='bbox 1082 1977 1145 2034; x_wconf 74' lang='lat' dir='ltr'><strong>Ca·</strong></span> 
     </span>
     <span class='ocr_line' id='line_1_22' title="bbox 203 2053 1144 2131; baseline 0 -19"><span class='ocrx_word' id='word_1_169' title='bbox 203 2058 327 2127; x_wconf 74' lang='lat' dir='ltr'><strong>“terdm,</strong></span> <span class='ocrx_word' id='word_1_170' title='bbox 349 2057 421 2129; x_wconf 89' lang='lat' dir='ltr'><strong>quod</strong></span> <span class='ocrx_word' id='word_1_171' title='bbox 446 2056 474 2112; x_wconf 92' lang='lat' dir='ltr'><strong>in</strong></span> <span class='ocrx_word' id='word_1_172' title='bbox 496 2055 578 2111; x_wconf 91' lang='lat' dir='ltr'><strong>rebus</strong></span> <span class='ocrx_word' id='word_1_173' title='bbox 592 2057 625 2111; x_wconf 85' lang='lat' dir='ltr'><strong>sd</strong></span> <span class='ocrx_word' id='word_1_174' title='bbox 640 2075 738 2113; x_wconf 90' lang='lat' dir='ltr'><strong>omnes</strong></span> <span class='ocrx_word' id='word_1_175' title='bbox 751 2057 852 2131; x_wconf 86' lang='lat' dir='ltr'><strong>pariter</strong></span> <span class='ocrx_word' id='word_1_176' title='bbox 867 2058 937 2113; x_wconf 87' lang='lat' dir='ltr'><strong>viros</strong></span> <span class='ocrx_word' id='word_1_177' title='bbox 961 2053 1144 2130; x_wconf 74' lang='lat' dir='ltr'><strong>feminasque</strong></span> 
     </span>
     <span class='ocr_line' id='line_1_23' title="bbox 203 2133 1157 2211; baseline 0 -21"><span class='ocrx_word' id='word_1_178' title='bbox 203 2135 432 2208; x_wconf 79' lang='lat' dir='ltr'><strong>“pertinentibus</strong></span> <span class='ocrx_word' id='word_1_179' title='bbox 446 2133 545 2190; x_wconf 85' lang='lat' dir='ltr'><strong>secisse</strong></span> <span class='ocrx_word' id='word_1_180' title='bbox 559 2151 606 2190; x_wconf 89' lang='lat' dir='ltr'><strong>eas</strong></span> <span class='ocrx_word' id='word_1_181' title='bbox 619 2153 702 2196; x_wconf 88' lang='lat' dir='ltr'><strong>nemo</strong></span> <span class='ocrx_word' id='word_1_182' title='bbox 725 2136 840 2191; x_wconf 84' lang='lat' dir='ltr'><strong>miratus</strong></span> <span class='ocrx_word' id='word_1_183' title='bbox 860 2146 911 2205; x_wconf 88' lang='lat' dir='ltr'><strong>est,</strong></span> <span class='ocrx_word' id='word_1_184' title='bbox 933 2136 961 2190; x_wconf 91' lang='lat' dir='ltr'><strong>in</strong></span> <span class='ocrx_word' id='word_1_185' title='bbox 983 2137 1073 2211; x_wconf 67' lang='lat' dir='ltr'><strong>cause</strong></span> <span class='ocrx_word' id='word_1_186' title='bbox 1085 2151 1157 2208; x_wconf 84' lang='lat' dir='ltr'><strong>pro·¹</strong></span> 
     </span>
     <span class='ocr_line' id='line_1_24' title="bbox 204 2212 1157 2286; baseline 0.001 -19"><span class='ocrx_word' id='word_1_187' title='bbox 204 2212 290 2285; x_wconf 79' lang='lat' dir='ltr'><strong>“prie</strong></span> <span class='ocrx_word' id='word_1_188' title='bbox 305 2213 338 2268; x_wconf 89' lang='lat' dir='ltr'><strong>ad</strong></span> <span class='ocrx_word' id='word_1_189' title='bbox 361 2213 434 2286; x_wconf 82' lang='lat' dir='ltr'><strong>ipsas</strong></span> <span class='ocrx_word' id='word_1_190' title='bbox 453 2212 609 2286; x_wconf 88' lang='lat' dir='ltr'><strong>pertinente</strong></span> <span class='ocrx_word' id='word_1_191' title='bbox 631 2212 763 2269; x_wconf 89' lang='lat' dir='ltr'><strong>miramur</strong></span> <span class='ocrx_word' id='word_1_192' title='bbox 787 2213 908 2270; x_wconf 64' lang='lat' dir='ltr'><strong>fecisse?</strong></span> <span class='ocrx_word' id='word_1_193' title='bbox 947 2212 1027 2272; x_wconf 80' lang='lat' dir='ltr'><strong>Quid</strong></span> <span class='ocrx_word' id='word_1_194' title='bbox 1052 2222 1157 2269; x_wconf 85' lang='lat' dir='ltr'><strong>autem·</strong></span> 
     </span>
     <span class='ocr_line' id='line_1_25' title="bbox 203 2289 1144 2368; baseline 0.001 -23"><span class='ocrx_word' id='word_1_195' title='bbox 203 2289 377 2346; x_wconf 73' lang='lat' dir='ltr'><strong>“secerurrtl</strong></span> <span class='ocrx_word' id='word_1_196' title='bbox 398 2291 530 2364; x_wconf 87' lang='lat' dir='ltr'><strong>superbas</strong></span> <span class='ocrx_word' id='word_1_197' title='bbox 552 2289 610 2364; x_wconf 88' lang='lat' dir='ltr'><strong>(me</strong></span> <span class='ocrx_word' id='word_1_198' title='bbox 637 2292 707 2347; x_wconf 87' lang='lat' dir='ltr'><strong>Dius</strong></span> <span class='ocrx_word' id='word_1_199' title='bbox 729 2292 825 2368; x_wconf 85' lang='lat' dir='ltr'><strong>fidius)</strong></span> <span class='ocrx_word' id='word_1_200' title='bbox 850 2309 932 2347; x_wconf 90' lang='lat' dir='ltr'><strong>aures</strong></span> <span class='ocrx_word' id='word_1_201' title='bbox 952 2292 1096 2360; x_wconf 90' lang='lat' dir='ltr'><strong>habemus,</strong></span> <span class='ocrx_word' id='word_1_202' title='bbox 1111 2290 1144 2357; x_wconf 92' lang='lat' dir='ltr'><strong>si,</strong></span> 
     </span>
     <span class='ocr_line' id='line_1_26' title="bbox 171 2367 1146 2452; baseline 0.006 -34"><span class='ocrx_word' id='word_1_203' title='bbox 171 2379 195 2418; x_wconf 76' lang='lat' dir='ltr'><strong>aa</strong></span> <span class='ocrx_word' id='word_1_204' title='bbox 204 2378 221 2410; x_wconf 65' lang='grc' dir='ltr'>κ</span> <span class='ocrx_word' id='word_1_205' title='bbox 230 2385 315 2452; x_wconf 78' lang='lat' dir='ltr'><strong>quum</strong></span> <span class='ocrx_word' id='word_1_206' title='bbox 330 2369 435 2425; x_wconf 89' lang='lat' dir='ltr'><strong>domini</strong></span> <span class='ocrx_word' id='word_1_207' title='bbox 450 2387 590 2424; x_wconf 87' lang='lat' dir='ltr'><strong>servorum</strong></span> <span class='ocrx_word' id='word_1_208' title='bbox 605 2387 660 2425; x_wconf 82' lang='lat' dir='ltr'><strong>nou</strong></span> <span class='ocrx_word' id='word_1_209' title='bbox 669 2370 811 2426; x_wconf 80' lang='lat' dir='ltr'><strong>fastidiant</strong></span> <span class='ocrx_word' id='word_1_210' title='bbox 824 2389 931 2444; x_wconf 85' lang='lat' dir='ltr'><strong>preces,</strong></span> <span class='ocrx_word' id='word_1_211' title='bbox 943 2388 994 2426; x_wconf 89' lang='lat' dir='ltr'><strong>nos</strong></span> <span class='ocrx_word' id='word_1_212' title='bbox 1008 2369 1099 2444; x_wconf 84' lang='lat' dir='ltr'><strong>rogari</strong></span> <span class='ocrx_word' id='word_1_213' title='bbox 1110 2367 1146 2429; x_wconf 82' lang='lat' dir='ltr'><strong>ab</strong></span> 
     </span>
     <span class='ocr_line' id='line_1_27' title="bbox 203 2446 688 2522; baseline 0.004 -20"><span class='ocrx_word' id='word_1_214' title='bbox 203 2446 354 2503; x_wconf 81' lang='lat' dir='ltr'><strong>“honestis</strong></span> <span class='ocrx_word' id='word_1_215' title='bbox 368 2447 488 2503; x_wconf 88' lang='lat' dir='ltr'><strong>foeminis</strong></span> <span class='ocrx_word' id='word_1_216' title='bbox 502 2447 688 2522; x_wconf 82' lang='lat' dir='ltr'><strong>indignamur.</strong></span> 
     </span>
    </p>
   </div>
   <div class='ocr_carea' id='block_1_4' title="bbox 172 2602 1207 3847">
    <p class='ocr_par' dir='ltr' id='par_1_4' title="bbox 243 2602 1147 2680">
     <span class='ocr_line' id='line_1_28' title="bbox 243 2602 1147 2680; baseline 0.003 -21"><span class='ocrx_word' id='word_1_217' title='bbox 243 2602 293 2659; x_wconf 84' lang='lat' dir='ltr'><strong>vl.</strong></span> <span class='ocrx_word' id='word_1_218' title='bbox 315 2607 332 2638; x_wconf 87' lang='lat'><strong>“</strong></span> <span class='ocrx_word' id='word_1_219' title='bbox 346 2603 437 2660; x_wconf 87' lang='lat' dir='ltr'><strong>Ve&#39;nio</strong></span> <span class='ocrx_word' id='word_1_220' title='bbox 450 2623 528 2660; x_wconf 91' lang='lat' dir='ltr'><strong>nunc</strong></span> <span class='ocrx_word' id='word_1_221' title='bbox 542 2604 577 2674; x_wconf 85' lang='lat' dir='ltr'><strong>ad</strong></span> <span class='ocrx_word' id='word_1_222' title='bbox 593 2603 630 2673; x_wconf 90' lang='lat' dir='ltr'><strong>id,</strong></span> <span class='ocrx_word' id='word_1_223' title='bbox 652 2605 687 2660; x_wconf 89' lang='lat' dir='ltr'><strong>de</strong></span> <span class='ocrx_word' id='word_1_224' title='bbox 705 2623 760 2680; x_wconf 89' lang='lat' dir='ltr'><strong>quo</strong></span> <span class='ocrx_word' id='word_1_225' title='bbox 784 2606 890 2679; x_wconf 73' lang='lat' dir='ltr'><strong>agitur:</strong></span> <span class='ocrx_word' id='word_1_226' title='bbox 922 2605 950 2660; x_wconf 93' lang='lat' dir='ltr'><strong>in</strong></span> <span class='ocrx_word' id='word_1_227' title='bbox 974 2623 1029 2678; x_wconf 86' lang='lat' dir='ltr'><strong>quo</strong></span> <span class='ocrx_word' id='word_1_228' title='bbox 1043 2604 1147 2678; x_wconf 83' lang='lat' dir='ltr'><strong>duplex</strong></span> 
     </span>
    </p>

    <p class='ocr_par' dir='ltr' id='par_1_5' title="bbox 172 2681 1207 3847">
     <span class='ocr_line' id='line_1_29' title="bbox 204 2681 1147 2758; baseline 0.002 -22"><span class='ocrx_word' id='word_1_229' title='bbox 204 2681 221 2714; x_wconf 73' lang='lat'><strong>‘²</strong></span> <span class='ocrx_word' id='word_1_230' title='bbox 232 2682 354 2737; x_wconf 82' lang='lat' dir='ltr'><strong>consulis</strong></span> <span class='ocrx_word' id='word_1_231' title='bbox 366 2683 453 2738; x_wconf 88' lang='lat' dir='ltr'><strong>oratio</strong></span> <span class='ocrx_word' id='word_1_232' title='bbox 468 2682 537 2738; x_wconf 83' lang='lat' dir='ltr'><strong>luit:</strong></span> <span class='ocrx_word' id='word_1_233' title='bbox 559 2701 624 2737; x_wconf 90' lang='lat' dir='ltr'><strong>nam</strong></span> <span class='ocrx_word' id='word_1_234' title='bbox 638 2693 666 2738; x_wconf 86' lang='lat' dir='ltr'><strong>et</strong></span> <span class='ocrx_word' id='word_1_235' title='bbox 680 2683 772 2758; x_wconf 82' lang='lat' dir='ltr'><strong>legem</strong></span> <span class='ocrx_word' id='word_1_236' title='bbox 787 2684 870 2739; x_wconf 90' lang='lat' dir='ltr'><strong>ullam</strong></span> <span class='ocrx_word' id='word_1_237' title='bbox 889 2683 1004 2740; x_wconf 89' lang='lat' dir='ltr'><strong>omnino</strong></span> <span class='ocrx_word' id='word_1_238' title='bbox 1018 2682 1147 2757; x_wconf 84' lang='lat' dir='ltr'><strong>abrogari</strong></span> 
     </span>
     <span class='ocr_line' id='line_1_30' title="bbox 204 2758 1146 2837; baseline 0.003 -25"><span class='ocrx_word' id='word_1_239' title='bbox 204 2759 274 2813; x_wconf 89' lang='lat' dir='ltr'><strong>“est</strong></span> <span class='ocrx_word' id='word_1_240' title='bbox 287 2758 466 2832; x_wconf 83' lang='lat' dir='ltr'><strong>indignatus3</strong></span> <span class='ocrx_word' id='word_1_241' title='bbox 485 2771 596 2816; x_wconf 84' lang='lat' dir='ltr'><strong>etcum</strong></span> <span class='ocrx_word' id='word_1_242' title='bbox 612 2760 749 2834; x_wconf 72' lang='lat' dir='ltr'><strong>praecipue</strong></span> <span class='ocrx_word' id='word_1_243' title='bbox 764 2763 863 2837; x_wconf 85' lang='lat' dir='ltr'><strong>legem,</strong></span> <span class='ocrx_word' id='word_1_244' title='bbox 878 2781 939 2834; x_wconf 73' lang='lat' dir='ltr'><strong>quae</strong></span> <span class='ocrx_word' id='word_1_245' title='bbox 953 2761 1071 2816; x_wconf 83' lang='lat' dir='ltr'><strong>luxuriae</strong></span> <span class='ocrx_word' id='word_1_246' title='bbox 1087 2779 1146 2816; x_wconf 92' lang='lat' dir='ltr'><strong>mu·</strong></span> 
     </span>
     <span class='ocr_line' id='line_1_31' title="bbox 172 2833 1146 2910; baseline 0.005 -22"><span class='ocrx_word' id='word_1_247' title='bbox 172 2849 196 2888; x_wconf 84' lang='lat' dir='ltr'><strong>ao</strong></span> <span class='ocrx_word' id='word_1_248' title='bbox 205 2837 223 2868; x_wconf 89' lang='lat'><strong>“</strong></span> <span class='ocrx_word' id='word_1_249' title='bbox 232 2833 325 2892; x_wconf 91' lang='lat' dir='ltr'><strong>liebris</strong></span> <span class='ocrx_word' id='word_1_250' title='bbox 339 2839 502 2892; x_wconf 74' lang='lat' dir='ltr'><strong>coercendae</strong></span> <span class='ocrx_word' id='word_1_251' title='bbox 516 2840 606 2894; x_wconf 71' lang='lat' dir='ltr'><strong>eausa</strong></span> <span class='ocrx_word' id='word_1_252' title='bbox 619 2839 673 2893; x_wconf 89' lang='lat' dir='ltr'><strong>lata</strong></span> <span class='ocrx_word' id='word_1_253' title='bbox 686 2851 766 2896; x_wconf 89' lang='lat' dir='ltr'><strong>esset.</strong></span> <span class='ocrx_word' id='word_1_254' title='bbox 808 2839 844 2895; x_wconf 83' lang='lat' dir='ltr'><strong>Et</strong></span> <span class='ocrx_word' id='word_1_255' title='bbox 859 2839 904 2894; x_wconf 89' lang='lat' dir='ltr'><strong>illa</strong></span> <span class='ocrx_word' id='word_1_256' title='bbox 925 2838 1082 2893; x_wconf 88' lang='lat' dir='ltr'><strong>communis</strong></span> <span class='ocrx_word' id='word_1_257' title='bbox 1096 2855 1146 2910; x_wconf 93' lang='lat' dir='ltr'><strong>pro</strong></span> 
     </span>
     <span class='ocr_line' id='line_1_32' title="bbox 205 2911 1146 2988; baseline 0.003 -21"><span class='ocrx_word' id='word_1_258' title='bbox 205 2916 224 2949; x_wconf 89' lang='lat'><strong>“</strong></span> <span class='ocrx_word' id='word_1_259' title='bbox 232 2911 339 2988; x_wconf 83' lang='lat' dir='ltr'><strong>legibus</strong></span> <span class='ocrx_word' id='word_1_260' title='bbox 355 2915 411 2969; x_wconf 83' lang='lat' dir='ltr'><strong>risa</strong></span> <span class='ocrx_word' id='word_1_261' title='bbox 423 2915 576 2972; x_wconf 78' lang='lat' dir='ltr'><strong>consularis</strong></span> <span class='ocrx_word' id='word_1_262' title='bbox 589 2916 675 2971; x_wconf 87' lang='lat' dir='ltr'><strong>oratio</strong></span> <span class='ocrx_word' id='word_1_263' title='bbox 689 2926 730 2972; x_wconf 89' lang='lat' dir='ltr'><strong>est</strong></span> <span class='ocrx_word' id='word_1_264' title='bbox 742 2936 748 2985; x_wconf 93' lang='lat'>;</span> <span class='ocrx_word' id='word_1_265' title='bbox 780 2929 808 2973; x_wconf 88' lang='lat' dir='ltr'><strong>et</strong></span> <span class='ocrx_word' id='word_1_266' title='bbox 822 2918 882 2972; x_wconf 80' lang='lat' dir='ltr'><strong>hac</strong></span> <span class='ocrx_word' id='word_1_267' title='bbox 896 2917 1027 2971; x_wconf 88' lang='lat' dir='ltr'><strong>adversus</strong></span> <span class='ocrx_word' id='word_1_268' title='bbox 1041 2913 1146 2971; x_wconf 86' lang='lat' dir='ltr'><strong>luxuri·</strong></span> 
     </span>
     <span class='ocr_line' id='line_1_33' title="bbox 204 2992 1189 3067; baseline 0.001 -21"><span class='ocrx_word' id='word_1_269' title='bbox 204 2995 275 3046; x_wconf 88' lang='lat' dir='ltr'><strong>“am</strong></span> <span class='ocrx_word' id='word_1_270' title='bbox 291 2992 470 3048; x_wconf 86' lang='lat' dir='ltr'><strong>severissimis</strong></span> <span class='ocrx_word' id='word_1_271' title='bbox 493 2993 615 3049; x_wconf 88' lang='lat' dir='ltr'><strong>moribus</strong></span> <span class='ocrx_word' id='word_1_272' title='bbox 637 2996 828 3052; x_wconf 85' lang='lat' dir='ltr'><strong>conveniebat.</strong></span> <span class='ocrx_word' id='word_1_273' title='bbox 870 2994 966 3067; x_wconf 89' lang='lat' dir='ltr'><strong>Itaque</strong></span> <span class='ocrx_word' id='word_1_274' title='bbox 990 2993 1146 3067; x_wconf 90' lang='lat' dir='ltr'><strong>periculum</strong></span> <span class='ocrx_word' id='word_1_275' title='bbox 1185 3036 1189 3046; x_wconf 40' lang='grc' dir='ltr'>ι</span> 
     </span>
     <span class='ocr_line' id='line_1_34' title="bbox 204 3071 1146 3145; baseline 0.004 -21"><span class='ocrx_word' id='word_1_276' title='bbox 204 3073 222 3106; x_wconf 78' lang='lat'><strong>‘⁶</strong></span> <span class='ocrx_word' id='word_1_277' title='bbox 231 3079 280 3139; x_wconf 90' lang='lat' dir='ltr'><strong>est,</strong></span> <span class='ocrx_word' id='word_1_278' title='bbox 295 3071 358 3136; x_wconf 89' lang='lat' dir='ltr'><strong>uisi,</strong></span> <span class='ocrx_word' id='word_1_279' title='bbox 373 3071 437 3144; x_wconf 90' lang='lat' dir='ltr'><strong>qnid</strong></span> <span class='ocrx_word' id='word_1_280' title='bbox 453 3072 480 3127; x_wconf 94' lang='lat' dir='ltr'><strong>in</strong></span> <span class='ocrx_word' id='word_1_281' title='bbox 500 3073 619 3145; x_wconf 76' lang='lat' dir='ltr'><strong>utrllque</strong></span> <span class='ocrx_word' id='word_1_282' title='bbox 643 3091 671 3127; x_wconf 90' lang='lat' dir='ltr'><strong>re</strong></span> <span class='ocrx_word' id='word_1_283' title='bbox 685 3073 749 3128; x_wconf 85' lang='lat' dir='ltr'><strong>vani</strong></span> <span class='ocrx_word' id='word_1_284' title='bbox 763 3074 807 3144; x_wconf 92' lang='lat' dir='ltr'><strong>sit,</strong></span> <span class='ocrx_word' id='word_1_285' title='bbox 821 3073 1007 3138; x_wconf 87' lang='lat' dir='ltr'><strong>docuerimus,</strong></span> <span class='ocrx_word' id='word_1_286' title='bbox 1028 3089 1064 3127; x_wconf 91' lang='lat' dir='ltr'><strong>ne</strong></span> <span class='ocrx_word' id='word_1_287' title='bbox 1085 3071 1146 3145; x_wconf 87' lang='lat' dir='ltr'><strong>quis</strong></span> 
     </span>
     <span class='ocr_line' id='line_1_35' title="bbox 204 3149 1146 3223; baseline 0.005 -22"><span class='ocrx_word' id='word_1_288' title='bbox 204 3151 306 3204; x_wconf 87' lang='lat' dir='ltr'><strong>“error</strong></span> <span class='ocrx_word' id='word_1_289' title='bbox 320 3149 397 3204; x_wconf 87' lang='lat' dir='ltr'><strong>vobis</strong></span> <span class='ocrx_word' id='word_1_290' title='bbox 407 3149 573 3205; x_wconf 81' lang='lat' dir='ltr'><strong>offundatur.</strong></span> <span class='ocrx_word' id='word_1_291' title='bbox 614 3149 676 3223; x_wconf 86' lang='lat' dir='ltr'><strong>Ego</strong></span> <span class='ocrx_word' id='word_1_292' title='bbox 689 3151 774 3221; x_wconf 90' lang='lat' dir='ltr'><strong>enim,</strong></span> <span class='ocrx_word' id='word_1_293' title='bbox 796 3149 1029 3223; x_wconf 84' lang='lat' dir='ltr'><strong>quemadmodum</strong></span> <span class='ocrx_word' id='word_1_294' title='bbox 1053 3169 1088 3205; x_wconf 83' lang='lat' dir='ltr'><strong>ex</strong></span> <span class='ocrx_word' id='word_1_295' title='bbox 1102 3149 1146 3206; x_wconf 88' lang='lat' dir='ltr'><strong>his</strong></span> 
     </span>
     <span class='ocr_line' id='line_1_36' title="bbox 172 3223 1145 3302; baseline 0.008 -26"><span class='ocrx_word' id='word_1_296' title='bbox 172 3232 223 3276; x_wconf 58' lang='grc' dir='ltr'><strong>ιιι(</strong></span> <span class='ocrx_word' id='word_1_297' title='bbox 231 3223 349 3300; x_wconf 84' lang='lat' dir='ltr'><strong>legibus,</strong></span> <span class='ocrx_word' id='word_1_298' title='bbox 364 3245 425 3300; x_wconf 73' lang='lat' dir='ltr'><strong>quae</strong></span> <span class='ocrx_word' id='word_1_299' title='bbox 445 3245 501 3284; x_wconf 93' lang='lat' dir='ltr'><strong>non</strong></span> <span class='ocrx_word' id='word_1_300' title='bbox 516 3228 544 3283; x_wconf 93' lang='lat' dir='ltr'><strong>in</strong></span> <span class='ocrx_word' id='word_1_301' title='bbox 559 3239 669 3301; x_wconf 89' lang='lat' dir='ltr'><strong>tempus</strong></span> <span class='ocrx_word' id='word_1_302' title='bbox 683 3228 803 3300; x_wconf 80' lang='lat' dir='ltr'><strong>aliquod,</strong></span> <span class='ocrx_word' id='word_1_303' title='bbox 818 3229 867 3284; x_wconf 88' lang='lat' dir='ltr'><strong>sed</strong></span> <span class='ocrx_word' id='word_1_304' title='bbox 888 3239 1028 3302; x_wconf 79' lang='lat' dir='ltr'><strong>perpetue</strong></span> <span class='ocrx_word' id='word_1_305' title='bbox 1043 3226 1145 3284; x_wconf 86' lang='lat' dir='ltr'><strong>utilita-</strong></span> 
     </span>
     <span class='ocr_line' id='line_1_37' title="bbox 205 3303 1207 3381; baseline 0.005 -24"><span class='ocrx_word' id='word_1_306' title='bbox 205 3303 266 3358; x_wconf 85' lang='lat' dir='ltr'><strong>“tis</strong></span> <span class='ocrx_word' id='word_1_307' title='bbox 280 3307 370 3362; x_wconf 67' lang='lat' dir='ltr'><strong>eausa</strong></span> <span class='ocrx_word' id='word_1_308' title='bbox 394 3305 421 3360; x_wconf 94' lang='lat' dir='ltr'><strong>in</strong></span> <span class='ocrx_word' id='word_1_309' title='bbox 446 3307 578 3361; x_wconf 76' lang='lat' dir='ltr'><strong>aeternum</strong></span> <span class='ocrx_word' id='word_1_310' title='bbox 593 3306 743 3376; x_wconf 72' lang='lat' dir='ltr'><strong>lateranio,</strong></span> <span class='ocrx_word' id='word_1_311' title='bbox 764 3306 868 3361; x_wconf 91' lang='lat' dir='ltr'><strong>nullam</strong></span> <span class='ocrx_word' id='word_1_312' title='bbox 893 3306 1019 3381; x_wconf 89' lang='lat' dir='ltr'><strong>abrogari</strong></span> <span class='ocrx_word' id='word_1_313' title='bbox 1042 3304 1145 3362; x_wconf 88' lang='lat' dir='ltr'><strong>debere</strong></span> <span class='ocrx_word' id='word_1_314' title='bbox 1205 3305 1207 3314; x_wconf 76' lang='lat'>&#39;</span> 
     </span>
     <span class='ocr_line' id='line_1_38' title="bbox 205 3379 1146 3457; baseline 0.001 -20"><span class='ocrx_word' id='word_1_315' title='bbox 205 3387 224 3420; x_wconf 82' lang='lat'>“</span> <span class='ocrx_word' id='word_1_316' title='bbox 232 3379 328 3454; x_wconf 86' lang='lat' dir='ltr'><strong>fateor,</strong></span> <span class='ocrx_word' id='word_1_317' title='bbox 341 3383 394 3438; x_wconf 89' lang='lat' dir='ltr'><strong>nisi</strong></span> <span class='ocrx_word' id='word_1_318' title='bbox 408 3403 490 3456; x_wconf 88' lang='lat' dir='ltr'><strong>quam</strong></span> <span class='ocrx_word' id='word_1_319' title='bbox 505 3394 552 3438; x_wconf 89' lang='lat' dir='ltr'><strong>aut</strong></span> <span class='ocrx_word' id='word_1_320' title='bbox 565 3401 630 3440; x_wconf 83' lang='lat' dir='ltr'><strong>usus</strong></span> <span class='ocrx_word' id='word_1_321' title='bbox 654 3384 787 3457; x_wconf 84' lang='lat' dir='ltr'><strong>coarguit,</strong></span> <span class='ocrx_word' id='word_1_322' title='bbox 810 3398 857 3439; x_wconf 86' lang='lat' dir='ltr'><strong>aut</strong></span> <span class='ocrx_word' id='word_1_323' title='bbox 880 3395 967 3440; x_wconf 87' lang='lat' dir='ltr'><strong>status</strong></span> <span class='ocrx_word' id='word_1_324' title='bbox 981 3383 1079 3456; x_wconf 88' lang='lat' dir='ltr'><strong>aliquis</strong></span> <span class='ocrx_word' id='word_1_325' title='bbox 1093 3381 1146 3438; x_wconf 89' lang='lat' dir='ltr'><strong>rei·</strong></span> 
     </span>
     <span class='ocr_line' id='line_1_39' title="bbox 205 3459 1145 3536; baseline 0.002 -22"><span class='ocrx_word' id='word_1_326' title='bbox 205 3460 349 3532; x_wconf 74' lang='lat' dir='ltr'><strong>“publicae</strong></span> <span class='ocrx_word' id='word_1_327' title='bbox 364 3461 489 3516; x_wconf 88' lang='lat' dir='ltr'><strong>inutilem</strong></span> <span class='ocrx_word' id='word_1_328' title='bbox 503 3461 590 3530; x_wconf 79' lang='lat' dir='ltr'><strong>leoit3</strong></span> <span class='ocrx_word' id='word_1_329' title='bbox 621 3461 757 3534; x_wconf 70' lang='lat' dir='ltr'><strong>sicquae</strong></span> <span class='ocrx_word' id='word_1_330' title='bbox 780 3471 903 3536; x_wconf 88' lang='lat' dir='ltr'><strong>tempora</strong></span> <span class='ocrx_word' id='word_1_331' title='bbox 926 3462 1016 3535; x_wconf 89' lang='lat' dir='ltr'><strong>aliqua</strong></span> <span class='ocrx_word' id='word_1_332' title='bbox 1037 3459 1145 3516; x_wconf 90' lang='lat' dir='ltr'><strong>deside·</strong></span> 
     </span>
     <span class='ocr_line' id='line_1_40' title="bbox 206 3536 1145 3616; baseline 0.001 -23"><span class='ocrx_word' id='word_1_333' title='bbox 206 3536 332 3594; x_wconf 64' lang='lat' dir='ltr'><strong>“rerunt</strong></span> <span class='ocrx_word' id='word_1_334' title='bbox 345 3539 430 3613; x_wconf 85' lang='lat' dir='ltr'><strong>leges,</strong></span> <span class='ocrx_word' id='word_1_335' title='bbox 456 3540 584 3596; x_wconf 88' lang='lat' dir='ltr'><strong>mortales</strong></span> <span class='ocrx_word' id='word_1_336' title='bbox 605 3539 649 3614; x_wconf 92' lang='lat' dir='ltr'><strong>(ut</strong></span> <span class='ocrx_word' id='word_1_337' title='bbox 663 3539 701 3595; x_wconf 88' lang='lat' dir='ltr'><strong>ita</strong></span> <span class='ocrx_word' id='word_1_338' title='bbox 714 3539 820 3616; x_wconf 90' lang='lat' dir='ltr'><strong>dicam)</strong></span> <span class='ocrx_word' id='word_1_339' title='bbox 843 3550 871 3595; x_wconf 90' lang='lat' dir='ltr'><strong>et</strong></span> <span class='ocrx_word' id='word_1_340' title='bbox 894 3537 1064 3614; x_wconf 89' lang='lat' dir='ltr'><strong>temporibus</strong></span> <span class='ocrx_word' id='word_1_341' title='bbox 1077 3537 1145 3611; x_wconf 91' lang='lat' dir='ltr'><strong>ipsis</strong></span> 
     </span>
     <span class='ocr_line' id='line_1_41' title="bbox 173 3613 1144 3692; baseline 0.004 -26"><span class='ocrx_word' id='word_1_342' title='bbox 173 3616 380 3672; x_wconf 66' lang='lat' dir='ltr'><strong>memorabiles</strong></span> <span class='ocrx_word' id='word_1_343' title='bbox 393 3635 454 3672; x_wconf 90' lang='lat' dir='ltr'><strong>esse</strong></span> <span class='ocrx_word' id='word_1_344' title='bbox 467 3617 556 3673; x_wconf 88' lang='lat' dir='ltr'><strong>video.</strong></span> <span class='ocrx_word' id='word_1_345' title='bbox 595 3617 670 3678; x_wconf 81' lang='lat' dir='ltr'><strong>Quae</strong></span> <span class='ocrx_word' id='word_1_346' title='bbox 686 3618 713 3673; x_wconf 90' lang='lat' dir='ltr'><strong>in</strong></span> <span class='ocrx_word' id='word_1_347' title='bbox 727 3635 796 3692; x_wconf 86' lang='lat' dir='ltr'><strong>paee</strong></span> <span class='ocrx_word' id='word_1_348' title='bbox 809 3616 880 3673; x_wconf 52' lang='lat' dir='ltr'><strong>&#39;latae</strong></span> <span class='ocrx_word' id='word_1_349' title='bbox 894 3629 967 3688; x_wconf 87' lang='lat' dir='ltr'><strong>sunt,</strong></span> <span class='ocrx_word' id='word_1_350' title='bbox 982 3613 1144 3689; x_wconf 89' lang='lat' dir='ltr'><strong>plerumque</strong></span> 
     </span>
     <span class='ocr_line' id='line_1_42' title="bbox 206 3692 1146 3770; baseline 0 -22"><span class='ocrx_word' id='word_1_351' title='bbox 206 3692 336 3749; x_wconf 80' lang='lat' dir='ltr'><strong>“bellum</strong></span> <span class='ocrx_word' id='word_1_352' title='bbox 351 3695 481 3770; x_wconf 82' lang='lat' dir='ltr'><strong>abrogat3</strong></span> <span class='ocrx_word' id='word_1_353' title='bbox 501 3713 563 3768; x_wconf 83' lang='lat' dir='ltr'><strong>quae</strong></span> <span class='ocrx_word' id='word_1_354' title='bbox 578 3694 606 3751; x_wconf 92' lang='lat' dir='ltr'><strong>in</strong></span> <span class='ocrx_word' id='word_1_355' title='bbox 621 3694 701 3764; x_wconf 89' lang='lat' dir='ltr'><strong>bello,</strong></span> <span class='ocrx_word' id='word_1_356' title='bbox 715 3714 787 3770; x_wconf 88' lang='lat' dir='ltr'><strong>pax:</strong></span> <span class='ocrx_word' id='word_1_357' title='bbox 817 3705 848 3752; x_wconf 90' lang='lat' dir='ltr'><strong>ut</strong></span> <span class='ocrx_word' id='word_1_358' title='bbox 869 3696 898 3752; x_wconf 93' lang='lat' dir='ltr'><strong>in</strong></span> <span class='ocrx_word' id='word_1_359' title='bbox 922 3693 1000 3752; x_wconf 85' lang='lat' dir='ltr'><strong>navis</strong></span> <span class='ocrx_word' id='word_1_360' title='bbox 1013 3693 1146 3750; x_wconf 87' lang='lat' dir='ltr'><strong>adminis-</strong></span> 
     </span>
     <span class='ocr_line' id='line_1_43' title="bbox 205 3771 1145 3847; baseline 0 -19"><span class='ocrx_word' id='word_1_361' title='bbox 205 3771 351 3828; x_wconf 79' lang='lat' dir='ltr'><strong>“tratione</strong></span> <span class='ocrx_word' id='word_1_362' title='bbox 371 3771 425 3828; x_wconf 87' lang='lat' dir='ltr'><strong>alia</strong></span> <span class='ocrx_word' id='word_1_363' title='bbox 444 3773 473 3830; x_wconf 94' lang='lat' dir='ltr'><strong>in</strong></span> <span class='ocrx_word' id='word_1_364' title='bbox 493 3773 656 3844; x_wconf 86' lang='lat' dir='ltr'><strong>secundam,</strong></span> <span class='ocrx_word' id='word_1_365' title='bbox 678 3773 732 3830; x_wconf 88' lang='lat' dir='ltr'><strong>alia</strong></span> <span class='ocrx_word' id='word_1_366' title='bbox 745 3774 773 3830; x_wconf 93' lang='lat' dir='ltr'><strong>in</strong></span> <span class='ocrx_word' id='word_1_367' title='bbox 788 3775 931 3830; x_wconf 85' lang='lat' dir='ltr'><strong>adversam</strong></span> <span class='ocrx_word' id='word_1_368' title='bbox 951 3779 1145 3847; x_wconf 86' lang='lat' dir='ltr'><strong>tempestatem</strong></span> 
     </span>
    </p>
   </div>
   <div class='ocr_carea' id='block_1_5' title="bbox 0 0 1322 4200">
    <p class='ocr_par' dir='ltr' id='par_1_6' title="bbox 0 0 1322 4200">
     <span class='ocr_line' id='line_1_44' title="bbox 0 0 1322 4200; baseline 0 0"><span class='ocrx_word' id='word_1_369' title='bbox 0 0 1322 4200; x_wconf 95' lang='lat' dir='ltr'><strong> </strong></span> 
     </span>
    </p>
   </div>
  </div>
 </body>
</html>
