2620 4200
465 376 567 428 HBER
579 348 663 428 truita
679 390 740 427 css.
755 387 809 426 uxr.
829 419 831 424 ,
987 383 990 391 ·
1016 425 1017 431 ,
1072 379 1131 438 205

119 591 123 597 ¹
208 529 304 590 “sent
315 518 455 580 neminem
468 519 550 578 hodie
562 538 598 577 ex
615 519 657 592 iis,
678 518 724 594 qui
744 519 779 576 sd
799 517 911 576 Cannas
928 529 1129 594 pugnaverunt,

188 600 322 658 “‘cirem
337 598 454 655 haberet.
494 597 539 655 Ex
555 596 675 654 millibus
694 608 799 672 septem
819 605 983 654 armatorum
1006 597 1130 654 sexcenti

103 735 106 744 ,
209 677 403 743 “exstiterunt
417 675 464 749 qui
476 693 618 750 erumpere
629 676 771 764 auderent,
781 673 829 748 qui
838 672 868 732 in
876 673 991 748 patriam
1003 673 1082 732 liberi
1092 684 1131 731 ut·

208 765 226 792 ‘⁶
235 773 287 830 que
298 753 394 810 armati
407 752 546 810 redirent:
566 770 656 826 neque
670 753 704 809 iis
720 751 901 844 quadraginta
914 751 999 808 millia
1011 750 1131 809 bostium

188 839 226 893 ⁶⁴¹
234 829 372 888 obstitere
383 830 488 891 Quum
500 841 591 888 tutum
601 830 651 888 rtet
660 831 775 887 duarum
784 847 868 904 prope
857 827 1022 918 “legionpm
1027 828 1131 902 agmini
1158 829 1166 846 ‘

206 918 224 946 ‘¹
231 909 354 968 futurum
367 909 485 965 censetis
505 907 612 964 brissei
652 907 801 964 Haberetis
822 905 904 964 hodie
927 906 1024 995 viginti
1046 905 1133 962 millia

205 994 395 1043 “armatorum
409 985 534 1051 Canusii,
548 985 637 1052 sortia,
651 984 751 1055 fidelia,
762 985 858 1041 Patres
868 983 1035 1058 conscripti:
1055 1001 1132 1040 nunc

204 1071 323 1120 “autern
340 1063 571 1136 quemadmodum
597 1063 626 1120 hi
649 1063 714 1120 boni
728 1063 875 1136 fidelesque
902 1059 980 1136 (nam
994 1060 1076 1118 sortes
1095 1079 1132 1118 ne
1165 1061 1167 1066 ’

206 1141 283 1215 “ipsi
296 1140 406 1214 quidem
419 1140 552 1218 dixerint)
573 1140 647 1198 cives
660 1159 721 1196 esse
734 1139 869 1214 possenti
898 1137 952 1196 nisi
965 1139 1026 1212 quis
1039 1138 1133 1196 crede·
1165 1145 1169 1164 ‘¹

176 1237 200 1278 ιι
208 1223 224 1253 ‘⁴
231 1235 261 1275 re
286 1228 374 1293 potest
396 1217 488 1290 inisse,
511 1227 542 1274 ut
561 1217 776 1292 erumpentibus,
797 1217 863 1290 quin
883 1224 1067 1292 erumperent,
1086 1215 1134 1272 ob-

206 1295 327 1352 “sistere
341 1295 432 1352 conati
445 1263 524 1352 subt·
546 1305 593 1352 aut
603 1315 658 1353 non
668 1295 792 1353 inridere
802 1313 850 1351 eos
852 1311 951 1369 ,quum
962 1293 1134 1350 incolumita-

208 1381 226 1408 “
218 1373 264 1444 ui,
277 1383 335 1430 tum
348 1372 440 1460 glorie
453 1371 561 1430 illorum
573 1392 631 1462 per.
646 1373 772 1431 virtutem
765 1382 878 1463 parte,
892 1389 975 1446 quum
988 1371 1041 1428 sibi
1054 1371 1134 1428 timo·

207 1458 226 1484 ‘⁸
218 1459 292 1506 ‘rem
306 1450 497 1525 ignaviamque
510 1450 676 1508 seruitutis
669 1450 858 1526 ignominiose
882 1467 994 1506 cansam
1007 1467 1068 1506 esse
1081 1446 1135 1504 sci·

209 1536 292 1584 “ant.
334 1526 518 1584 Maluerunt'
510 1547 540 1585 m
560 1527 684 1586 tentoriis
704 1529 821 1585 latentes
840 1526 920 1584 simul
939 1526 1031 1582 iucem
1054 1535 1135 1599 atque

177 1609 227 1664 15“
239 1605 345 1663 hostem
356 1615 528 1680 exspectare,
538 1624 621 1680 quum
630 1605 836 1663 silentionoctis
848 1603 1011 1694 erumpendi
1024 1601 1135 1660 occasio

207 1691 313 1739 “esset
353 1682 416 1739 ‘At
430 1683 504 1738 enim
519 1684 553 1739 ad
567 1683 766 1759 erumpendum
780 1680 997 1739 ecastrisdesnit
1007 1681 1135 1747 animust

208 1760 284 1817 ‘⁴‘ed
309 1760 425 1832 tutanda
449 1759 553 1817 sortiter
580 1771 670 1817 castra
702 1761 825 1817 animum
851 1759 1015 1848 habuerunt
1067 1757 1136 1814 Dies

202 1847 241 1877 '⁶‘
248 1848 397 1910 noctesque
423 1836 524 1911 aliquot
547 1837 661 1910 obsessi,
690 1836 790 1894 vellum
822 1837 914 1908 armis,
934 1853 964 1892 se
983 1835 1034 1911 ipsi
1055 1835 1135 1892 tutati

207 1914 320 1970 “‘vullo
340 1924 425 1970 sunt.
457 1914 569 1972 tandem
589 1915 685 1972 ultima
704 1915 763 1970 ausi
782 1914 917 1988 passique,
938 1932 1022 1988 quum
1042 1913 1136 1970 omnia

176 1991 373 2049 m⁸“snbsidia
391 1990 453 2046 vitae
473 1990 608 2060 abessent,
636 1991 803 2064 affectisque
822 1990 894 2046 same
920 1990 1032 2056 uiribus,
1060 2007 1137 2047 arma

209 2079 243 2106 “⁸
249 2068 307 2143 jam
327 2068 462 2124 sustinere
482 2067 634 2140 nequirent,
660 2066 871 2124 necessitatibus
890 2067 979 2142 magis
998 2067 1135 2133 humanis,

209 2144 334 2219 ‘⁴‘qudm
348 2145 440 2217 armis,
453 2145 519 2202 victi
532 2145 614 2201 sunt'
653 2144 723 2201 Orto
736 2144 802 2212 sole,
817 2145 902 2202 hostis
917 2145 952 2201 ad
975 2145 1075 2201 vallum
1089 2163 1136 2200 ae-

210 2232 227 2280 .“
236 2223 336 2280 cessit:
357 2233 421 2279 ente
434 2223 584 2279 secundam
605 2221 710 2294 horam,
730 2221 834 2278 nullam
853 2221 992 2279 fortunam
1012 2221 1137 2278 certami-

156 2327 161 2339 ι
210 2301 279 2356 “nis
292 2300 406 2374 experti,
426 2296 596 2360 tradiderunt
616 2317 691 2356 arma
714 2317 747 2356 ac
760 2317 790 2356 se
804 2298 884 2374 ipses.
924 2299 995 2356 Haec
1008 2297 1084 2356 robis
1097 2299 1137 2373 ip·

176 2386 329 2434 morum
348 2396 397 2451 per
423 2377 535 2433 biduum
561 2376 659 2434 militia
679 2376 752 2434 suit:
784 2395 868 2452 quum
883 2377 912 2432 in
933 2376 992 2432 acie
1012 2386 1083 2432 sture
1103 2394 1137 2432 ac
1188 2412 1194 2420 ·

209 2458 360 2530 “pugnare
383 2454 521 2524 decuerat,
534 2464 593 2512 tum
614 2454 643 2511 in
663 2465 753 2514 castra
772 2454 951 2529 refugerunt:
980 2471 1065 2528 quum
1087 2455 1154 2528 prc'

210 2531 308 2589 “teilo
320 2531 500 2620 ppgnandum
512 2542 579 2603 erat,
601 2541 692 2590 castra
713 2532 904 2624 tradiderunt,
918 2549 1007 2607 neque
1027 2531 1136 2588 inscie

211 2611 326 2682 “neque
340 2609 369 2664 in
382 2609 479 2666 castris
492 2609 581 2667 utiles.
621 2610 679 2667 Vos
696 2610 852 2667 redimemi
885 2627 970 2684 quum
992 2625 1136 2684 erumpere

211 2687 334 2742 “castris
346 2695 461 2776 oportet,
475 2687 645 2745 cunctamini
658 2706 691 2745 ac
702 2687 837 2745 manetis:
851 2705 934 2762 quum
945 2704 1066 2753 manere,
1077 2705 1136 2743 cas·

178 2779 203 2819 tu
211 2764 280 2820 “tra
292 2763 374 2818 tutari
387 2763 470 2820 armis
482 2783 597 2822 necesse
611 2775 662 2832 est,
676 2778 705 2822 et
727 2774 817 2822 castre
829 2775 857 2821 et
874 2782 950 2821 arma
962 2774 991 2820 et
1002 2782 1050 2821 ros
1063 2764 1136 2838 ipsos

211 2839 346 2896 “truditis
369 2839 449 2896 hosti.
487 2839 548 2916 Ego
573 2861 629 2900 non
649 2843 737 2918 magis
757 2843 823 2900 istos
844 2840 1027 2910 redimendos,
1041 2839 1136 2896 Patres

211 2919 231 2954 “
239 2916 397 2991 conscripti
413 2935 514 2974 censeo
516 2920 618 2992 ,quarn
631 2919 691 2976 illos
703 2919 844 2978 dedendos
857 2916 1008 2975 Hannibali
1010 2916 1074 2991 ,qui
1087 2935 1136 2992 per

211 2995 346 3052 “medios
360 2995 450 3052 hostes
463 3013 479 3051 e
492 2997 588 3054 castris
608 3007 766 3072 eruperunt,
784 3015 818 3054 ac
840 3015 888 3072 per
906 3013 1041 3092 summam
1054 2995 1136 3052 virtu·

170 3109 172 3116 ,
212 3077 295 3130 “tem
309 3091 339 3128 se
351 3072 445 3148 patriae
458 3073 644 3178 restituerunt.
646 3075 664 3104 ’¹

180 3248 205 3288 ae
251 3226 328 3286 LXI
349 3229 496 3303 Postquam
510 3229 632 3289 Manlius
646 3231 724 3300 dixit,
738 3246 901 3306 quamquam
910 3183 1136 3306 Patrumquoque

212 3304 355 3395 plerosque
368 3308 468 3404 captivi
480 3311 644 3384 cognatione
653 3309 846 3400 attingebant,
865 3318 962 3383 praeter
981 3309 1136 3383 exemplum

122 3435 125 3440 .
213 3382 330 3440 civitatis
342 3383 455 3440 minime
469 3385 498 3443 in
511 3387 632 3462 captivos
649 3388 705 3464 jam
720 3387 784 3444 inde
797 3385 946 3460 antiquitus
959 3385 1135 3474 indulgentis,

213 3461 339 3535 pecunie
352 3480 459 3537 quoque
472 3481 580 3521 summa
594 3466 718 3523 homines
731 3464 832 3522 movit:
862 3465 927 3538 quia
943 3481 998 3521 nec
1011 3462 1137 3520 aererium

215 3537 357 3604 exhaurire
360 3542 507 3615 Qmagnd
497 3559 554 3617 Jam
568 3545 674 3601 summi
687 3541 826 3618 erogate
818 3561 847 3598 m
860 3561 951 3599 seruos
964 3543 998 3598 ad
1012 3538 1138 3597 militiam

183 3617 359 3676 nemendos
367 3618 575 3693 armandosque,
592 3639 646 3678 nee
659 3620 855 3687 Hannibalem,
879 3618 998 3677 maxime
1021 3617 1137 3692 hujusce

177 3699 255 3749 rer
248 3690 313 3768 (ut
326 3693 397 3750 sama
410 3699 481 3776 erat)
495 3708 632 3772 egentem,
645 3698 805 3774 locupletari
818 3697 952 3755 volebant.
972 3695 1068 3756 Quum
1077 3696 1137 3752 tris·

214 3780 242 3836 te
255 3787 423 3847 responsum,
444 3776 462 3809 “
473 3792 529 3910 poen
542 3775 640 3835 redimi
659 3775 808 3854 captivos,'’
821 3775 959 3833 redditum
980 3784 1062 3840 esset,
1091 3789 1137 3828 no-
