2620 4200
175 339 236 404 m
555 329 622 380 rtur
637 329 720 380 Ltvtt

175 479 298 556 accepit.
336 473 486 550 Nunquam
506 489 555 548 per
573 491 670 530 omncs
683 471 800 542 dienen
812 487 866 546 qno
875 471 1029 534 ctuuutun
1043 489 1109 536 m

180 561 268 620 aulem
281 555 434 632 profectum
454 553 527 610 fama
547 551 644 621 ettulit,
665 552 701 607 ab
719 560 779 608 orto
796 549 854 609 ante
874 551 908 608 ud
922 551 1109 624 comdentem,

115 656 125 670 '¹
180 648 228 696 aut
241 644 349 693 senator
362 632 504 706 quisquam
518 649 534 686 a
547 629 624 686 curii
637 639 717 702 atque
738 629 772 684 ab
786 628 988 703 magistratibus
1002 629 1111 688 absces-

174 716 224 787 sit,
239 725 286 770 ant
307 710 425 786 populns
442 708 537 765 eiuro.
576 706 722 780 Menona,
741 706 806 780 quin
822 706 893 764 nihil
912 706 942 764 in
958 707 1030 782 ¹ipsis
1048 709 1110 783 opis

177 801 250 862 erat,
265 791 294 847 iu
316 807 413 864 preces
436 785 684 859 obtestationesque
704 803 798 856 verse,
819 785 974 858 peremnia
993 786 1110 848 detubu
1131 801 1146 841 a

136 885 256 946 ,ragae
279 866 420 942 suppliciis
440 865 561 938 votisque
582 863 695 938 fatigare
709 862 792 919 Dens.
845 862 1055 922 Tamenliicitrn
1074 883 1110 925 nc
1186 925 1191 928 ,

173 963 320 1022 suspense
334 943 437 1001 civitati
451 943 524 1000 fama
536 943 643 1018 incerta
662 940 751 1016 prirnb
764 940 876 1006 accidit,
890 941 959 998 duos
971 941 1110 1000 Narnien-

176 1043 225 1082 ‘ses
237 1019 343 1098 equites
373 1021 401 1078 in
432 1031 530 1090 castra,
558 1038 618 1093 que
646 1019 674 1075 in
702 1019 829 1076 faucibus
847 1019 968 1076 Umbriae
987 1021 1111 1096 opposita

173 1113 268 1174 eruut,
281 1101 390 1158 ¹venisse
402 1117 438 1156 ex
450 1098 554 1174 proelio,
562 1097 727 1154 nuntiantes
735 1115 827 1154 caesos
836 1097 939 1154 bootes.
972 1097 1007 1155 Et
1018 1098 1110 1172 pruno

174 1181 271 1257 tnagis
282 1179 404 1244 auribus,
418 1178 499 1252 quim
513 1175 622 1248 animis,
642 1175 670 1232 id
684 1186 829 1250 acceptum
842 1185 910 1246 erat,
923 1186 954 1232 nt
964 1175 1054 1251 majus
1065 1177 1113 1234 ie·
1122 1189 1148 1228 tn

180 1259 299 1332 tiusque,
314 1257 396 1332 quim
409 1256 480 1329 quod
495 1264 588 1311 mente
602 1271 711 1328 capere,
725 1253 848 1310 autentis
861 1255 1111 1328 crederepoment:
1128 1287 1131 1292 ,

172 1347 210 1394 ⁴ct
223 1337 282 1411 ipsa
295 1335 422 1392 celeritas
435 1333 518 1389 fidem
536 1331 710 1406 impediebat,
729 1330 805 1406 ¹quiid
828 1332 912 1388 biduo
924 1332 987 1389 ante
1004 1351 1113 1408 :pugua-

179 1425 240 1472 tum
253 1414 404 1470 dicebatur.
444 1411 544 1468 Literae
557 1410 658 1468 deinde
671 1411 707 1466 ab
717 1410 749 1466 L.
765 1410 870 1467 Manlio
884 1410 1007 1468 Acidino
1021 1411 1112 1471 missa

174 1511 219 1550 ex
238 1491 335 1550 castris
348 1490 499 1547 afferuntur
512 1489 547 1544 de
562 1487 761 1547 Narniensium
775 1488 897 1562 equitum
906 1489 1034 1552 adventu.
1061 1489 1111 1548 Eoe

182 1571 278 1637 literae,
298 1587 346 1644 per
366 1569 455 1625 sonum
467 1567 509 1624 rud
528 1567 648 1624 tribunal
668 1566 875 1641 micturiente,
895 1577 1021 1624 senatum
1035 1567 1147 1626 curten

173 1649 362 1706 exciverunt:
394 1657 523 1720 tantoque
544 1644 695 1702 certamine
709 1663 742 1700 ac
756 1643 874 1702 tumultu
886 1645 980 1719 populi
991 1645 1027 1702 nd
1042 1645 1114 1704 iores

182 1727 268 1781 cnriae
282 1743 453 1781 concursum
461 1734 513 1794 est,
524 1733 555 1780 ut
564 1723 640 1780 adire
652 1723 767 1778 nuntius
776 1741 832 1779 non
842 1733 942 1796 posset,
951 1723 1113 1780 traheretur·

181 1821 236 1876 que
250 1820 266 1857 u
278 1800 505 1876 percontantibus
522 1799 797 1872 vociferantibusque,
811 1809 842 1856 ut
855 1800 882 1856 in
894 1800 1006 1858 uostris
1021 1801 1113 1876 prius,

182 1880 265 1955 quam
288 1879 317 1935 in
338 1887 443 1950 senatu,
454 1877 550 1934 :litere
570 1877 759 1936 recitarentur.
800 1877 929 1934 Tandem
949 1879 1067 1938 submoti
1086 1891 1114 1936 et

183 1957 335 2016 coercitio
353 1955 574 2031 magistratibus:
601 1955 810 2030 dispensarique
822 1956 918 2014 laetitia
937 1957 1008 2014 inter
1027 1958 1147 2034 impes

182 2046 274 2094 tentes
299 2036 359 2111 ejus
379 2034 485 2090 animos
507 2033 603 2108 potuit.
656 2033 691 2092 Iu
704 2045 802 2092 senatu
814 2033 943 2109 primitur,
963 2035 1065 2094 deinde
1085 2035 1115 2094 in

184 2114 329 2180 concione,
341 2112 433 2168 titerae
457 2113 578 2168 recitator
601 2122 683 2169 sunt:
721 2123 758 2180 et,
772 2131 820 2187 pro
839 2113 972 2188 cujusque
992 2113 1113 2190 ingenio,
1210 2169 1212 2174 .

184 2192 246 2248 aliis
256 2193 313 2267 jam
333 2200 440 2248 certum
452 2191 593 2264 gaudium,
608 2189 669 2246 eliis
685 2190 765 2246 ‘nulls
778 2188 841 2247 ante
856 2191 946 2248 futura
964 2191 1034 2250 fides
1047 2204 1114 2269 crat,

184 2268 267 2347 qubrn
281 2270 385 2345 legatos
398 2268 576 2326 consulumve
584 2269 683 2326 iiteras
696 2269 846 2328 audissent.

223 2426 272 2483 LI.
289 2425 371 2500 ³Ipsce
385 2425 486 2481 deinde
499 2424 716 2500 appropinquare
724 2426 833 2500 'legatos
846 2425 957 2482 aliatum
973 2437 1030 2484 est:
1057 2438 1149 2486 tumet

184 2505 327 2562 enimvero
338 2503 428 2559 omnis
444 2512 516 2564 etas
540 2521 650 2560 currere
669 2503 751 2574 obvii,
773 2504 876 2578 primus
894 2505 1009 2579 quisque
1028 2507 1117 2564 oculis

184 2581 350 2654 auribusque
364 2579 474 2636 haurire
487 2590 593 2639 tentum
607 2582 740 2656 gaudium
749 2581 909 2655 cupientes:
924 2584 965 2640 ‹ad
979 2583 1117 2642 Mulvium

183 2675 272 2732 nsque
295 2667 406 2732 pontem
427 2657 574 2713 continens
593 2677 693 2734 agmen
714 2659 846 2732 pervenit.
900 2661 997 2737 Legati
1016 2660 1117 2737 terant

183 2736 219 2795 'L.
228 2733 365 2793 'Veturius
374 2733 466 2803 Philo,
480 2733 511 2790 P.
526 2733 652 2792 Licinius
664 2736 766 2808 Varus,
778 2735 817 2796 Q.
827 2736 963 2798 cecilius
971 2739 1115 2818 Metellus)

185 2813 347 2872 circumfusi
360 2812 450 2870 omnis
463 2812 731 2887 genertsthomtnum
745 2815 901 2892 frequenti&
915 2818 942 2874 iu
952 2819 1045 2876 ⁴sorum
1057 2829 1151 2894 per-ct

175 2903 338 2960 'uenerunt3
359 2909 443 2966 quum
456 2891 502 2947 alii
511 2891 598 2965 ipsos,
610 2892 657 2949 alii
671 2893 787 2950 comites
803 2913 908 2966 eorum,
921 2915 981 2969 que
1001 2907 1120 2954 acta-es·

181 2981 259 3042 sent,
285 2980 529 3045 percontarentur3
559 2981 596 3042 et,
622 2982 653 3028 ut
679 2973 792 3045 quisque
813 2974 1118 3038 audieranexarcnmn
1186 3039 1190 3044 ,
1294 2977 1295 2988 ’

186 3049 307 3106 hostium
322 3049 566 3122 imperatoremque
578 3049 712 3115 occisum,
727 3049 1000 3124 legioneschmanas
1012 3051 1119 3109 incolu-

188 3144 258 3197 mes,
272 3127 360 3182 salvos
372 3125 499 3182 consules
520 3143 589 3192 esse,
604 3127 740 3201 extemplo
753 3128 814 3184 aliis
827 3147 911 3202 porro
924 3128 1120 3203 impertiebant

189 3204 323 3282 gaudium
346 3221 435 3259 suum.
474 3201 572 3262 Quum
586 3205 657 3280 aegre
680 3205 708 3260 in
733 3207 837 3262 curiam
861 3221 1023 3280 perventum
1035 3218 1154 3281 esset,³⁵

185 3281 277 3338 ⁴'multb
291 3280 391 3354 egrius
404 3281 529 3338 submoti
542 3282 631 3352 turba,
642 3300 684 3340 ne
705 3282 830 3340 Patribus
843 3283 1012 3357 misceretur,
1030 3286 1120 3343 literae

191 3359 222 3416 in
236 3367 332 3415 senatu
347 3358 468 3415 recitate
482 3369 562 3416 sunt:
593 3361 657 3418 inde
669 3361 796 3436 producti
806 3361 838 3417 in
851 3364 1015 3422 concionem
1027 3364 1119 3440 legati.

185 3436 226 3496 ‘L
242 3434 382 3502 Veturius,
395 3435 481 3492 literis
493 3437 631 3505 *recitntin
651 3438 709 3513 ipse
729 3440 840 3514 planius
860 3442 961 3512 omnis,
972 3461 1039 3516 quae
1056 3453 1122 3500 acta

185 3524 280 3584 erant,
302 3513 427 3586 exposuit
440 3514 623 3589 noningenti
636 3519 909 3592 assensu,=pcstremb
922 3521 1121 3580 etinmclernu·

192 3605 224 3646 re
238 3591 379 3647 -unitersre
392 3591 542 3661 munionis,
563 3611 646 3665 quum
659 3594 705 3650 vix
723 3597 970 3668 gandiumanimis
983 3609 1121 3675 caperent.
1130 3607 1155 3650 ⁴⁰

194 3665 359 3724 Discnraum
372 3666 485 3722 indeab
505 3667 565 3725 aliis
579 3671 768 3746 circuitempla
781 3672 880 3740 Debrn,
901 3686 1036 3752 utgrates
1054 3695 1120 3752 ege·

195 3754 275 3829 pent}
297 3746 343 3804 *ab
355 3743 533 3826 eliisdcrnos,
547 3755 578 3804 ut
595 3748 761 3825 conjugibus
776 3749 932 3826 *liberisque
948 3767 1008 3814 tam
1021 3755 1121 3820 batum
