2620 4200
181 385 241 444 M
380 379 447 431 'l'l'l'l
462 379 545 429 uvir
560 376 662 429 uuum
675 379 757 429 xxu.
780 389 903 430 ceu-ext.

183 540 286 599 susque
294 539 380 598 super
392 531 512 579 veterem
525 521 615 578 luctus
627 531 667 581 tot
676 519 786 596 jactari
805 519 908 578 ¹oinium
925 519 1051 595 adjectus
1063 536 1106 576 es·

182 611 233 673 set,
256 618 321 657 curn
343 599 452 674 magnis
472 598 580 658 fletibus
600 597 795 672 questibusque
814 595 919 676 legatos
945 595 980 653 sd
998 607 1107 672 portem

181 676 319 755 prosecuti
332 687 404 733 sunt.
444 673 524 734 Unus
536 695 571 736 ex
584 675 618 732 iis
630 677 741 734 domum
756 674 832 745 abiit,
845 675 918 749 quiid
931 673 1022 730 sellaci
1035 673 1107 730 redi·

182 767 212 814 tu
225 754 253 810 iu
267 765 358 829 costra
367 752 544 834 jurejurando
556 772 586 812 se
599 753 764 810 exsolvisset.
801 751 888 820 Quod
912 752 959 809 ubi
976 751 1106 818 innotuit,¹

182 831 352 906 relatumque
365 831 400 890 ed
413 844 539 888 senatum
550 841 603 902 est,
615 849 712 888 omnes
732 839 908 896 censuerunt,
926 830 1130 904 comprehena

182 909 305 966 dendum
314 919 345 966 et
357 909 516 966 custodibus
529 909 640 982 publice
654 907 725 964 detis
736 907 930 964 deducendum
949 907 984 962 ed
998 904 1107 964 Hanni·

181 987 272 1044 belem
295 1005 364 1044 esse.
404 986 454 1042 Est
473 995 507 1052 fiet
526 986 634 1042 alinde
655 985 768 1060 captivis
791 985 872 1051 lema,
894 985 991 1041 decem
1005 984 1107 1058 primos

182 1065 306 1121 vonisse:
326 1065 361 1120 de
373 1063 415 1122 eis
426 1081 509 1137 quum
523 1063 676 1119 dubitatum
689 1063 719 1119 in
730 1073 826 1119 senatu
837 1073 918 1133 esset,
929 1061 1107 1121 admitteren-

182 1141 268 1199 turin
282 1141 387 1208 urbem,
401 1159 506 1208 necne3
527 1141 567 1196 ita
578 1139 710 1196 admissos
723 1159 793 1206 esse,
814 1157 850 1195 ne
871 1149 964 1196 tamen
977 1139 1012 1196 iis
1027 1158 1107 1203 seua·

116 1251 128 1260 -
182 1230 228 1276 tus
241 1219 358 1278 daretur.
399 1217 574 1281 Mornntibus
587 1217 688 1274 deinde
700 1215 807 1292 longiis
827 1217 952 1274 omnium
966 1235 1023 1291 spe,
1038 1217 1106 1276 alios
1118 1229 1141 1270 1⁰

182 1307 239 1353 tres
252 1296 362 1370 insuper
375 1295 479 1369 legatos
492 1295 609 1361 venisse,
624 1295 656 1351 L.
671 1294 857 1365 Scribonium,
871 1305 899 1350 et
912 1295 946 1350 C.
960 1293 1107 1368 Calpurni·

184 1392 242 1440 um,
256 1383 284 1430 et
297 1373 328 1429 L.
343 1371 497 1430 Manlium:
518 1383 576 1430 tum
590 1373 700 1428 demum
714 1372 748 1428 ab
760 1371 885 1446 ‘cognato
909 1371 1046 1430 Scribonii
1058 1375 1107 1430 tri·

182 1451 258 1508 bunc
269 1449 357 1525 plebis
369 1449 404 1506 de
417 1449 584 1506 redimendis
596 1451 712 1524 captivis
731 1449 845 1506 relatum
858 1467 927 1519 esse,
941 1467 994 1506 nec
1007 1467 1107 1507 censu·

182 1528 238 1585 isse
251 1527 425 1584 redimendos
438 1537 581 1584 senatum:
613 1538 642 1584 et
659 1546 743 1584 novos
765 1527 869 1602 legatos
880 1538 937 1583 tres
950 1527 984 1583 ed
998 1527 1106 1585 Hunni·

183 1605 275 1662 belem
287 1604 438 1674 revertisse,
453 1605 550 1661 decem
564 1615 668 1662 veteres
681 1605 843 1662 remansisse
855 1623 863 1673 3
883 1603 965 1678 qudd,
978 1623 1027 1679 per
1040 1623 1106 1662 cau·
1117 1620 1140 1660 u

183 1701 243 1740 sam
257 1683 474 1756 recognoscendi
487 1683 601 1740 nomina
622 1683 790 1756 captivorum
809 1681 844 1737 ad
868 1682 1056 1740 Hannibalem
1072 1701 1107 1740 ex

180 1759 283 1816 itinere
297 1759 422 1832 regressi,
436 1758 568 1832 religione
582 1777 647 1815 sese
655 1759 849 1839 exsolvissent:
876 1760 912 1815 de
925 1760 959 1815 iis
972 1761 1106 1818 dedendis

181 1835 286 1909 magnii
298 1835 475 1891 contentione
489 1845 580 1892 ectum
595 1836 623 1892 in
638 1847 735 1898 senatu
748 1855 828 1904 esse3
857 1827 997 1911 vidtbaque
1009 1838 1106 1912 paucis
1149 1904 1152 1910 Δ

184 1911 337 1982 sententiis,
348 1912 394 1986 qui
407 1911 549 1968 dedendos
562 1913 738 1969 censuerint:
758 1913 887 1970 creterdm
896 1914 1026 1988 proximis
1042 1933 1106 1974 ceu·

184 1990 291 2048 scribus
304 1987 374 2048 oded
386 1988 514 2046 omnibus
527 1989 599 2046 uotis
612 1989 823 2065 ignominiisque
836 1989 977 2048 confectos
990 2011 1060 2058 esse,
1075 2003 1105 2048 ut
1115 2011 1139 2050 nn

183 2068 397 2142 quidameorum
406 2075 519 2122 mortem
528 2066 580 2122 sibi
589 2067 639 2140 ipsi
649 2069 786 2142 extemplo
796 2069 979 2125 consciverint
990 2087 998 2136 3
1012 2069 1104 2128 caeteri

183 2163 239 2201 non
253 2144 310 2200 loro
320 2143 411 2202 solum
422 2143 499 2200 omni
513 2143 613 2200 deinde
625 2144 687 2214 vitri,
702 2145 750 2200 sed
763 2145 844 2220 prope
863 2146 925 2202 luce
939 2163 972 2202 uc
985 2147 1105 2220 publico,

183 2221 331 2280 caruerint.
347 2221 440 2278 Mirari
450 2221 546 2296 magis,
556 2219 624 2278 ederi
633 2221 787 2296 discrepare
795 2223 1005 2292 interemtores,
1015 2224 1106 2297 quim,

182 2299 250 2374 quid
260 2296 633 2373 verisit,disoernerequeesss
654 2298 867 2360 Quantdautem
878 2299 963 2375 major
973 2301 1107 2358 eecledes

182 2377 369 2452 superioribus
387 2376 613 2444 cladibusfuerit,
626 2377 669 2433 vel
680 2395 716 2434 ee
727 2395 771 2434 res
783 2377 887 2434 indicio
900 2388 950 2444 est,
963 2375 1046 2452 quud,
1059 2377 1107 2452 qui
1115 2395 1140 2436 nt

182 2455 319 2512 sociorum
333 2455 367 2509 ed
380 2451 441 2512 eam
455 2454 528 2510 diem
541 2455 612 2512 firmi
625 2464 764 2526 steterant,
777 2464 835 2510 turn
848 2454 940 2512 lebete
954 2466 1105 2529 coeperunt,

183 2530 388 2604 nulliprofectd
396 2531 450 2588 aliti
458 2531 493 2587 de
502 2530 711 2605 re,qnimqnbd
722 2531 931 2605 desperaverant
939 2533 973 2589 de
982 2533 1106 2606 imperio.

184 2606 322 2664 Defecere
345 2617 436 2664 autem
460 2609 494 2664 ad
512 2608 611 2666 Ptenos
633 2609 661 2666 bi
682 2609 793 2682 populi:
832 2609 964 2675 Atellani,
979 2609 1105 2675 Calatini,

184 2683 305 2758 Hirpini,
320 2683 473 2757 Apulorum
491 2703 562 2759 pars,
586 2685 725 2742 Samnites
745 2695 841 2760 preter
863 2686 985 2756 Pentros,
1007 2685 1106 2742 Bruttii

183 2781 289 2831 ornnes,
303 2761 429 2818 Lucani:
450 2772 547 2836 preter
560 2763 610 2820 bos
624 2763 788 2828 Surrentini,
806 2774 834 2819 et
846 2761 1005 2820 Grecorum
1018 2764 1140 2835 omnisne

184 2841 271 2898 ferme
285 2859 341 2906 ora,
356 2837 512 2906 Tarentini,
526 2840 719 2915 Metapontini,
742 2840 947 2908 Crotonienses,
961 2841 1106 2915 Locrique,

184 2928 213 2976 et
225 2917 359 2992 Cisalpini
371 2935 466 2976 munes
479 2918 560 2976 Gelli.
600 2919 663 2976 Nec
685 2929 777 2978 tamen
799 2919 842 2974 he
864 2919 956 2982 clades
975 2917 1107 2974 defectio-

184 3012 288 3068 nesque
310 2995 446 3054 sociorum
466 3005 617 3068 moverunt,
640 3007 671 3056 ut
683 2996 758 3070 pacis
778 3013 896 3069 unquam
918 2993 1020 3050 mentio
1032 2995 1105 3067 apud

185 3069 327 3128 Romanos
348 3072 439 3140 fieret;
470 3091 558 3146 neque
580 3083 643 3130 ente
663 3073 783 3130 consulis
803 3073 921 3130 Romam
947 3071 1103 3137 adrentum,

185 3165 239 3204 nec
252 3159 392 3222 postquam
407 3151 430 3206 is
443 3150 531 3215 rediit,
546 3150 736 3223 renovavitque
750 3150 906 3206 memoriam
920 3158 1041 3221 accepte
1049 3147 1138 3207 cla-os

184 3224 247 3282 dis:
304 3245 321 3286 o
334 3226 362 3286 iu
375 3237 496 3299 ternpore
510 3227 569 3301 ipro
582 3225 652 3286 adeb
674 3237 774 3302 mugno
786 3227 877 3286 animo
890 3225 986 3283 civitas
999 3224 1061 3298 fuit,
1075 3236 1106 3282 ut

184 3319 254 3360 cons
284 3301 300 3370 i,
313 3319 349 3358 er
362 3303 437 3364 tanti
449 3303 538 3376 clade,
552 3305 631 3380 cujus
643 3305 701 3378 ipse
715 3323 799 3364 causa
815 3303 935 3362 menime
947 3302 1049 3373 luisset,
1063 3321 1105 3360 re-

186 3378 292 3450 deunti,
305 3388 333 3434 et
344 3378 451 3440 obviitn
465 3379 533 3438 itum
547 3381 700 3456 frequenter
713 3382 749 3440 ab
765 3381 891 3441 omnibus
903 3379 1046 3439 ordinibus
1054 3379 1104 3450 sit,

185 3467 215 3514 et
226 3457 320 3532 gretiae
330 3466 413 3528 nolu,
425 3454 499 3530 quid
512 3458 547 3516 de
560 3458 702 3532 republicti
723 3477 779 3520 nou
792 3458 979 3533 desperisset:
1010 3457 1068 3525 cui,
1081 3457 1105 3514 ri

186 3532 456 3672 Carthaginiensium
469 3535 567 3600 ducto
580 3535 684 3610 fuisset,
702 3535 770 3596 nihil
783 3535 965 3598 recusandum
978 3533 1104 3612 supplicii
1113 3553 1137 3594 o

197 3627 214 3666 0
257 3652 263 3673 0
