2620 4200
497 385 601 434 LIBER
614 385 728 434 XXXIV.
756 397 859 432 eamr.
946 447 947 452 ¹
1080 385 1138 446 253

248 522 297 584 IV.
324 535 342 564 “
353 527 431 602 Saepe
445 545 489 583 me
503 537 661 600 querentem
682 525 717 582 de
737 525 920 590 soeminurum,
935 542 1006 598 saepe
1020 525 1054 581 de
1069 527 1136 606 viro-

164 604 171 610 ’
211 609 307 674 “rum
321 624 374 661 nec
388 605 422 660 de
445 605 608 678 privatorum
633 603 723 674 modb,
744 604 792 658 aad
813 602 896 657 etiam
917 602 1134 676 magistratuum,

211 683 390 755 “sumptibus
404 682 517 738 audistis
528 701 548 750 ;Ι
565 681 732 754 diversisque
753 679 861 735 duobus
881 679 962 750 vitiis,
976 681 1087 735 avaritia
1107 679 1136 738 el

210 756 354 831 “luxurid,
368 760 507 816 civitatem
521 759 643 814 laborare
655 778 661 826 ;
689 776 749 830 quae
762 769 854 832 pestes
867 756 960 812 omnia
973 775 1072 830 magna
1086 757 1136 830 im}

187 835 310 906 5“peria
323 847 488 893 everterunt.
528 836 599 891 Haec
612 854 674 909 ego,
687 834 741 908 qud
755 833 850 890 melior
873 833 1012 906 laetiorque
1034 835 1061 890 in
1076 835 1136 892 dies

207 910 343 968 “fortuna
363 914 521 988 reipublice
547 923 598 984 est,
629 913 826 986 imperiumque
847 911 954 980 crescit,
975 921 1003 966 et
1029 911 1085 985 jam
1106 913 1136 969 in

206 987 370 1046 “Graeciam
394 991 551 1064 'Asiamque
579 990 809 1059 transcendimus,
835 988 962 1043 omnibus
989 989 1136 1046 libidinum

206 1064 372 1123 “illecebris
392 1069 517 1143 repletas,
531 1067 662 1140 attegias
682 1067 764 1122 etiam
779 1072 956 1122 attrectemus
968 1084 1072 1140 gazas3
1100 1067 1135 1124 cb

206 1149 224 1178 ‘⁶
233 1140 293 1214 plris
307 1145 412 1216 horreo,
427 1165 461 1200 ne
476 1145 528 1201 illae
542 1145 630 1218 magis
643 1163 687 1200 res
701 1163 750 1199 nos
762 1143 895 1216 ceperint,
907 1142 987 1215 quam
1003 1161 1052 1198 nos
1066 1144 1142 1201 illas

174 1241 196 1280 10
207 1218 346 1292 “Infesta,
362 1223 430 1278 mihi
444 1223 557 1291 credite,
571 1223 651 1296 signa
673 1221 708 1276 ab
732 1220 875 1294 Syracusis
896 1220 969 1275 illata
992 1229 1055 1276 sunt
1070 1221 1136 1278 huic

206 1303 224 1332 “
233 1297 302 1352 urbi.
343 1299 406 1354 Jam
421 1299 504 1354 nimis
517 1299 616 1354 multos
630 1299 712 1354 audio
726 1297 852 1354 Corinthi
866 1307 893 1352 et
907 1297 1079 1353 Athenarum
1093 1318 1136 1355 or·

206 1381 364 1432 “namenta
387 1377 531 1432 laudantes
551 1376 744 1447 mirantesque,
764 1386 792 1430 et
815 1373 936 1430 antefixa
956 1375 1050 1430 fictilia
1064 1375 1136 1432 Deo-

205 1458 223 1485 “
232 1469 293 1506 rum
307 1453 496 1509 Romanorum
511 1452 639 1510 ridentes.
679 1453 740 1526 Ego
753 1452 802 1508 hos
816 1452 888 1507 malo
900 1452 1029 1524 propitios
1042 1451 1135 1521 Deos3

205 1535 259 1583 “et
274 1529 311 1585 ita
325 1549 403 1604 spero
424 1530 538 1596 futuros,
563 1531 585 1585 si
600 1530 627 1585 in
651 1529 707 1585 suis
727 1547 839 1584 manere
859 1529 970 1584 sedibus
989 1530 1135 1602 patiemur.

172 1627 195 1666 15
204 1604 222 1639 “
231 1603 344 1663 Patrum
358 1617 512 1664 nostrorum
526 1607 668 1677 memorial,
676 1625 725 1681 per
737 1605 857 1681 legatum
872 1605 988 1661 Cineam
1003 1606 1134 1682 Pyrrhus,

204 1684 426 1750 “nonvirorum
447 1684 539 1750 modo,
566 1685 718 1740 sedetiam
748 1683 902 1753 mulierum,
930 1683 1035 1739 animos
1055 1684 1135 1740 doni's

203 1761 352 1816 “tentavit
403 1761 535 1816 Nondum
559 1761 603 1816 lex
627 1761 719 1834 Oppia
739 1761 773 1816 ad
794 1759 976 1816 coercendam
996 1759 1134 1816 luxuriam

203 1837 393 1893 “muliebrem
420 1838 474 1893 lata
493 1847 567 1893 erat:
589 1848 680 1892 tamen
702 1837 777 1892 nulla
796 1837 913 1911 accepit.
953 1837 1048 1896 Quam
1069 1856 1134 1894 oau-

204 1919 289 1968 “sam
304 1913 388 1970 suisse
402 1915 541 1969 censetis?
581 1914 687 1969 Eadem
704 1914 762 1982 suit,
786 1933 848 1986 quae
871 1914 1020 1988 majoribus
1033 1915 1134 1971 nostris

168 1989 299 2050 20“nibil
320 1991 354 2045 de
376 1992 428 2046 hac
448 2009 477 2046 rc
497 1990 558 2063 lege
579 1991 740 2046 sanciendi:
762 1990 837 2045 nulla
857 2004 915 2045 erat
935 1991 1049 2059 luxuria,
1072 2009 1133 2066 quae

203 2075 221 2102 “
230 2073 413 2122 coerceretur.
454 2067 534 2122 Sicut
547 2067 609 2122 ante
624 2067 732 2122 morbos
755 2085 868 2123 neccsse
891 2077 931 2122 est
952 2068 1077 2140 cognitos
1090 2087 1136 2124 es·

203 2151 221 2178 “
230 2161 269 2208 se,
283 2145 365 2217 qudm
379 2145 501 2200 remedia
514 2162 608 2199 eorum
621 2163 629 2210 3
650 2145 691 2199 sic
705 2144 868 2216 cupiditates
881 2144 960 2218 priris
972 2154 1044 2198 natae
1058 2155 1132 2212 sunt,

203 2221 311 2292 “quim
326 2221 409 2296 legas,
425 2241 485 2294 quae
507 2221 539 2276 iis
560 2221 671 2276 modum
693 2221 827 2276 facerent..
862 2221 940 2280 Quid
955 2221 1043 2294 legem
1058 2221 1133 2278 Lici-

202 2297 304 2353 “niam
319 2299 448 2354 excitavit
462 2300 496 2354 do
510 2298 668 2371 quingentis
686 2297 837 2372 jugeribus,
852 2298 904 2352 nisi
919 2299 1016 2372 ingens
1030 2299 1133 2371 cupido

167 2383 220 2434 ss“
230 2393 309 2449 agros
335 2376 540 2432 continuandil
579 2374 658 2434 Quid
686 2375 775 2449 legem
803 2375 929 2430 Cinciam
951 2376 985 2430 de
1005 2374 1084 2430 donis
1103 2386 1132 2432 et

202 2461 220 2524 “
231 2453 401 2524 muneribus,
416 2452 469 2508 nisi
482 2452 546 2526 quia
559 2452 700 2526 vectigalis
720 2452 776 2526 jam
791 2461 819 2506 et
841 2451 1018 2525 stipendiaria
1037 2452 1133 2524 plebes

201 2535 289 2584 “esse
310 2531 418 2586 senatui
439 2531 580 2604 coeperatl
632 2529 728 2602 Itaque
749 2529 863 2584 minime
885 2529 982 2584 mirum
1006 2539 1055 2597 est,
1076 2547 1130 2586 nec
1163 2597 1165 2602 ,

160 2601 165 2622 ¹
200 2605 356 2680 “Oppiam,
383 2627 437 2664 nec
458 2607 538 2662 aliam
560 2607 642 2662 ullam
662 2603 721 2662 tum
749 2605 837 2678 legem
858 2606 1039 2662 desideratam
1060 2625 1129 2676 esse,

200 2689 286 2755 “quae
300 2686 411 2740 modurn
433 2685 587 2758 sumptibus
598 2683 746 2739 muliorum
768 2683 880 2754 faceret,
894 2701 977 2755 quum
992 2701 1087 2739 aurum
1101 2695 1130 2740 ct

166 2767 219 2821 so“
227 2777 374 2833 purpuram
389 2763 453 2816 data
465 2772 493 2820 et
505 2761 595 2819 oblata
617 2761 688 2816 ultro
708 2779 763 2816 non
787 2761 967 2834 accipiebant.
1009 2761 1038 2816 Si
1053 2778 1129 2816 nunc

200 2841 291 2890 “cum
306 2836 359 2892 illis
373 2837 452 2892 donis
466 2838 568 2892 Cineas
592 2838 687 2892 urbem
707 2837 875 2902 circumiret,
896 2846 998 2891 stantes
1012 2837 1040 2891 in
1060 2837 1129 2908 pub-
1156 2851 1157 2856 ’

199 2912 280 2968 “lico
294 2913 526 2987 invenissetque
547 2913 712 2987 acciperent.
753 2917 844 2986 Atque
865 2930 917 2986 ego
935 2913 1129 2970 nonnullarum

198 2991 408 3064 “cupiditatum
429 3009 464 3046 ne
484 3007 596 3046 oausam
616 2991 726 3063 quidem
749 3001 800 3066 *aut
818 2990 952 3046 rationem
979 2989 1050 3045 inire
1067 3009 1128 3064 pos-

198 3073 286 3123 “sum
299 3087 315 3123 :›
338 3077 403 3124 nam
430 3077 469 3137 ut,
496 3069 568 3140 quod
589 3067 634 3124 alii
653 3067 744 3136 liccat,
765 3067 814 3123 tibi
835 3086 889 3123 non
910 3065 1004 3132 licere,
1025 3067 1127 3143 aliquid

165 3143 341 3206 ³5“sortame
368 3144 500 3201 naturalis
520 3155 567 3200 aut
587 3145 697 3218 pudoris
717 3154 764 3200 aut
789 3143 987 3217 indignationis
1006 3144 1125 3215 habeat;

198 3227 216 3259 “
225 3221 276 3287 sic,
291 3233 398 3295 aequato
411 3223 535 3278 omnium
549 3223 635 3287 cultu,
649 3221 713 3294 quid
737 3239 907 3293 unaquaeque
920 3223 1037 3277 vostrum
1052 3240 1127 3279 vere·

197 3305 278 3368 “tur,
293 3318 329 3354 ne
351 3299 378 3354 in
400 3318 429 3354 se
444 3299 650 3373 conspiciaturl
690 3297 830 3354 Pessimus
843 3298 953 3370 quidem
972 3300 1059 3372 pudor
1082 3311 1126 3356 est

197 3381 216 3414 “
225 3376 266 3431 vel
279 3375 462 3450 parsimonie,
477 3376 518 3430 vel
532 3375 713 3448 paupertatis:
728 3376 776 3430 sed
788 3385 931 3446 utrumque
942 3375 986 3432 lcx
995 3376 1069 3432 robis
1080 3376 1128 3432 de·

197 3458 216 3489 ‘⁶
224 3452 283 3518 mit,
297 3473 382 3526 quum
396 3453 434 3517 id,
448 3453 520 3525 quod
534 3453 634 3508 habere
648 3471 702 3507 non
717 3451 790 3516 licet,
801 3470 856 3506 non
869 3451 983 3512 habetis.
1004 3452 1127 3520 ‘Hauon²

164 3528 320 3606 quinquie,
348 3531 452 3604 ‘ipsam
477 3529 694 3601 exaequationem
720 3547 774 3584 non
805 3527 882 3594 fero,’
909 3528 954 3584 illa
981 3529 1127 3602 locuples:

197 3612 294 3662 “‘our
315 3626 370 3664 non
392 3606 509 3682 insignis
531 3625 597 3660 auro
617 3617 644 3661 et
665 3605 784 3679 purpura
797 3605 976 3678 conspicior?
998 3623 1047 3661 cur
1060 3626 1128 3682 pau.

197 3688 333 3756 “fpertas
347 3684 460 3740 aliarum
474 3683 525 3740 sub
540 3683 592 3738 hac
606 3683 674 3757 legis
687 3683 778 3756 specie
799 3682 874 3745 latet,
893 3693 935 3748 ut,
957 3683 1028 3753 quod
1044 3685 1128 3743 habe-

151 3829 154 3841 ·
193 3765 271 3816 “‘·re
284 3779 340 3817 non
353 3774 476 3834 possunt,
501 3759 642 3873 hqbiturae,
666 3761 689 3816 si
713 3759 815 3828 liceret,
837 3757 920 3820 fuisse
940 3757 1084 3820 videantur
1097 3764 1126 3820 l‘

499 3839 537 3895 gu

1264 2526 1270 2548 Ι
