2620 4200
188 309 261 376 pot·
580 310 745 364 rrmnrvu

189 455 343 533 “ignorare
362 455 458 532 patiar.
498 454 591 530 Atque
603 454 709 514 utinam
723 454 794 525 heo,
814 471 875 528 que
896 453 969 530 apud
983 471 1031 512 vos
1043 462 1122 514 actu·

184 535 208 602 ,“
216 553 262 592 rus
275 553 346 606 sum,
359 533 474 591 Canusii
487 533 559 608 apud
572 533 662 607 ipsum
683 532 837 590 exercitum
851 551 972 608 agerem,
985 531 1120 608 optimum

188 615 207 648 “
216 622 314 670 testem
327 611 443 688 ignavie
464 612 597 688 cujusque
617 621 645 669 et
665 610 789 670 virtutis:
816 620 863 667 aut
876 629 947 669 unus
961 609 1008 668 hic
1021 611 1120 672 saltem

186 689 324 746 “adesset
337 690 368 747 P.
381 690 570 765 Sempronius,
583 708 664 764 quem
685 689 709 746 si
732 687 777 745 isti
800 690 900 746 ducem
913 688 1002 746 secuti
1016 699 1118 756 essent,

186 768 314 825 “milites
328 768 410 826 hodie
424 769 452 826 in
464 768 561 825 castris
573 765 718 838 Romanis,
727 785 782 824 non
789 765 894 842 captivi
905 767 934 823 in
943 765 1062 824 hostium
1072 786 1120 842 po-
1140 787 1154 826 ⁵

186 850 205 882 “
213 856 311 903 testate
319 847 428 904 essentl
444 843 1055 920 Sedquum,fessispugnandohostibus‚tum
1065 845 1120 904 vio·

132 975 134 980 .
186 929 205 961 “
214 923 283 980 toria
295 925 376 997 laetis,
389 935 418 982 et
430 925 496 1000 ipsis
506 923 643 1000 plerisque
651 923 819 998 regressisin
831 934 923 980 castra
933 942 992 989 sua.
1006 934 1119 981 noctem

185 1003 248 1058 “ad
262 1003 462 1078 erumpendum
476 1002 591 1059 liberam
606 1001 775 1074 habuissent,
792 1013 820 1057 et
833 1009 939 1076 septem
952 1012 1119 1059 armatorum

186 1086 204 1119 ‘¹
214 1079 356 1137 hominum
368 1081 453 1138 millia
465 1097 640 1156 perrumpere
663 1079 746 1138 etiam
760 1079 897 1137 consertos
911 1079 1002 1140 hostes
1016 1079 1120 1156 potuis·

187 1165 205 1199 “
213 1169 294 1226 senta
315 1178 404 1233 neque
415 1179 464 1233 per
477 1178 507 1215 se
521 1157 572 1232 ipsi
586 1157 614 1214 id
628 1157 720 1214 facere
734 1157 826 1214 conati
840 1168 913 1224 sunt,
929 1176 1019 1231 neque
1033 1157 1119 1215 alium
1130 1177 1152 1216 ro

185 1235 290 1310 “sequi
302 1237 454 1294 voluerunt.
475 1236 567 1295 Nocte
575 1235 657 1310 prope
666 1235 723 1292 tota
731 1235 761 1291 P.
772 1235 951 1311 Sempronius
959 1235 1119 1294 Tuditanus

185 1321 271 1372 “non
285 1315 389 1372 destitit
402 1334 524 1386 monere,
538 1313 676 1371 adhortari
700 1333 757 1385 eos,
779 1314 845 1370 dum
859 1313 983 1389 paucitas
997 1314 1119 1373 hostium

185 1387 288 1449 “circa
301 1404 399 1460 castra,
414 1393 480 1452 dum
501 1393 579 1468 quies
602 1411 635 1448 ac
655 1392 796 1448 silentium
819 1403 901 1458 esset,
925 1391 992 1448 dum
1010 1411 1064 1450 nox
1077 1393 1119 1450 in·

185 1466 204 1503 “
214 1481 324 1547 ceptum
338 1483 453 1548 tegeret,
467 1490 497 1527 se
510 1473 610 1528 ducem
631 1482 827 1544 sequerentur:
861 1480 924 1526 ante
944 1469 1036 1528 lucem
1056 1490 1118 1546 per-

186 1546 204 1582 “
213 1550 307 1606 venire
320 1550 349 1606 in
364 1561 423 1607 tuta
434 1549 505 1622 loca,
526 1549 555 1606 in
576 1549 712 1606 sociorum
727 1549 817 1616 urbes,
832 1567 920 1622 posse.
962 1549 1042 1606 Sicut
1054 1567 1116 1607 avo·
1127 1568 1151 1607 15

185 1625 274 1684 “rum
297 1629 429 1686 memorii
449 1629 480 1684 P.
505 1627 620 1693 Decius,
647 1626 773 1683 tribunus
796 1627 914 1682 militum
934 1626 963 1683 in
984 1627 1116 1697 Samni03

184 1703 293 1776 “sicut,
308 1707 387 1762 nobis
404 1705 633 1774 adolescentibus,
658 1705 746 1778 priore
767 1703 876 1762 Punico
899 1704 980 1778 bello,
1001 1705 1118 1780 Calpur-

184 1781 274 1838 “nius
288 1783 413 1840 Flamma
426 1783 558 1840 trecentis
571 1781 740 1854 voluntariis,
762 1801 847 1856 quum
861 1783 895 1839 ad
919 1782 1055 1844 tumulum
1069 1802 1117 1842 eos

184 1859 202 1895 “
211 1860 386 1936 capiendum,
414 1861 496 1918 situm
522 1861 593 1917 inter
621 1861 726 1918 medios
754 1861 856 1927 hostes,
886 1861 1009 1932 duceret,
1038 1861 1115 1934 dixit,

183 1939 202 1975 “
211 1939 219 1970 ‘
228 1937 388 2009 Moriamur‚
402 1938 512 2010 milites
526 1948 554 1995 et
567 1949 653 1996 morte
676 1941 769 1996 nostrai
786 1938 935 2014 eripiamus
948 1958 983 1996 ex
996 1939 1149 1998 obsidio-m

182 2018 219 2054 “‘
228 2036 263 2074 ne
277 2017 480 2074 circumventas
502 2017 626 2092 legiones
636 2016 663 2085 ;’
691 2016 713 2072 si
735 2016 788 2073 hoc
803 2017 832 2074 P.
848 2009 1028 2092 S'empronius
1041 2019 1117 2076 dice·

183 2098 268 2164 “ret3
289 2113 342 2152 nec
356 2094 427 2154 viros
439 2095 558 2170 quidem,
573 2113 626 2152 nec
640 2094 785 2152 Romanos
798 2113 845 2152 vos
859 2096 982 2163 duceret.
996 2097 1020 2152 si
1034 2115 1115 2156 nemo

183 2177 293 2232 “tants
317 2173 423 2231 virtutis
445 2173 594 2232 exstitisset
616 2191 719 2230 comes.
759 2173 842 2230 Viam
868 2193 924 2231 uon
944 2175 980 2230 ad
999 2173 1115 2250 gloriam

182 2255 201 2288 “
211 2252 306 2328 magis,
320 2251 401 2326 quim
415 2253 450 2308 ad
473 2251 598 2324 salutem,
620 2250 754 2308 serentem
775 2251 963 2321 demonstrat3
997 2253 1114 2310 reduces

182 2317 239 2387 “in
252 2330 377 2405 patriam,
392 2331 427 2387 ad
440 2342 575 2405 parentes¹
591 2329 625 2386 ad
639 2330 772 2406 conjuges
793 2348 826 2386 ac
848 2329 949 2388 liberos
962 2330 1036 2388 lacit.
1076 2329 1147 2389 Ute

182 2394 201 2428 “
209 2408 365 2479 servemini,
379 2408 457 2466 deest
477 2409 553 2465 vobis
572 2408 702 2465 animusl
732 2409 808 2484 quid,
828 2408 852 2464 si
871 2409 1044 2469 moriendum
1064 2429 1114 2484 pro

182 2473 296 2560 “patrii
309 2497 389 2556 esset¹
405 2486 531 2544 faceretis
544 2489 555 2542 l
594 2485 808 2562 Quinquaginta
821 2486 907 2546 millia
927 2487 1030 2544 civium
1043 2487 1113 2546 soci-

182 2551 200 2584 “
209 2581 341 2636 orumque
355 2563 431 2622 circa
443 2583 491 2620 vos
503 2583 536 2620 eo
551 2563 609 2638 ipso
622 2564 667 2620 die
681 2582 753 2620 caesa
763 2564 877 2640 jacent:
897 2565 921 2622 si
935 2576 975 2624 tot
987 2565 1113 2640 exempla

181 2629 201 2664 “
210 2640 316 2698 virtutis
330 2659 385 2697 non
406 2652 525 2712 movent,
539 2641 608 2699 nihil
623 2661 743 2714 uuquam
767 2643 904 2701 movebit:
934 2643 957 2702 si
971 2654 1047 2701 tanta
1056 2642 1112 2701 cla·

181 2709 258 2777 “des
271 2718 353 2776 vilem
367 2719 449 2776 vitam
462 2739 518 2778 non
539 2719 614 2791 fecit,
635 2718 713 2777 nulla
730 2719 820 2784 faciet.
861 2721 955 2780 Liberi
976 2733 1055 2796 atque
1070 2721 1144 2792 inat

181 2789 331 2856 “columes
344 2797 498 2856 desiderate
511 2798 627 2873 patriam
641 2817 646 2854 :
667 2798 752 2856 immo
766 2797 931 2868 desiderate,
945 2801 1011 2858 dum
1025 2799 1113 2876 patria

181 2869 199 2903 “
207 2888 257 2948 est,
272 2877 338 2934 dum
352 2876 427 2934 cives
440 2876 500 2952 ejus
513 2876 597 2934 estis:
617 2875 678 2934 serti
691 2895 768 2934 nunc
788 2877 960 2945 desideratis.
975 2878 1111 2936 deminuti

171 2948 469 3030 .“capite,·abalienati
480 2955 541 3030 jure
555 2955 666 3028 civium,
685 2955 755 3013 servi
771 2955 1040 3032 Carthaginiensium
1054 2953 1111 3012 sac·

181 3026 199 3059 “
208 3032 237 3090 ti.
277 3032 369 3090 Pretio
383 3033 496 3091 redituri
509 3033 575 3092 estis
586 3030 630 3099 ed,
644 3034 718 3091 unde
732 3033 843 3108 ignavid
857 3053 889 3090 ac
903 3031 1024 3106 nequitie
1039 3031 1110 3090 abis·

180 3103 262 3166 “tist
302 3110 332 3169 P.
347 3103 654 3187 Sempronium‚'civem
666 3122 797 3178 vestrum,
819 3131 874 3169 non
895 3110 1018 3180 audistis,
1033 3127 1144 3168 armam

179 3182 198 3216 “
208 3205 306 3262 capere
320 3207 353 3250 ac
366 3191 445 3267 sequi
458 3210 487 3248 se
498 3190 642 3266 jubentem
653 3209 660 3252 ;
694 3189 881 3247 Hannibalem
894 3187 955 3264 pdst
966 3187 1049 3263 pauld
1062 3207 1109 3246 au·

180 3262 294 3330 “distis
308 3277 398 3324 castra
414 3268 492 3342 prodi
515 3277 543 3324 et
566 3286 641 3326 arma
663 3267 734 3325 tradi
753 3268 906 3343 jubentem.
945 3265 1042 3327 Quam
1055 3284 1109 3342 ego

179 3341 199 3376 “
207 3343 345 3422 ignaviam
358 3343 471 3404 istorum
485 3365 597 3412 accuso,
618 3364 703 3419 quum
725 3346 816 3403 scelus
836 3345 938 3420 possim
951 3346 1107 3403 accusare?

179 3419 197 3454 “
205 3421 272 3480 Non
284 3420 360 3478 enim
373 3423 454 3480 modd
468 3424 545 3498 sequi
558 3423 722 3481 racusiaruut
734 3425 805 3482 bene
819 3434 987 3490 monentem,
998 3423 1048 3480 sed
1060 3423 1109 3480 ob-

179 3499 300 3559 “sistere
313 3518 347 3557 ac
360 3501 478 3559 retinere
492 3501 584 3560 conati
597 3511 670 3568 sunt,
685 3502 714 3560 ni
728 3502 829 3560 strictis
842 3502 942 3578 gladiis
956 3501 1005 3560 viri
1019 3501 1142 3560 fortis-a

168 3576 197 3642 .“
206 3578 268 3634 simi
281 3580 384 3636 inertes
396 3579 605 3638 submovissent
646 3580 738 3651 Prius,
760 3581 882 3655 inquam,
897 3581 927 3638 P.
943 3579 1108 3656 Sempronio

178 3654 254 3728 “per
266 3656 366 3714 civium
381 3675 490 3730 agmen,
504 3658 587 3732 quam
602 3677 651 3734 per
674 3658 803 3729 hostium,
824 3659 875 3716 fuit
895 3659 1107 3736 erumpendum.

167 3733 197 3824 ᾗ(
205 3729 266 3789 Hos
278 3734 352 3792 cives
364 3733 452 3810 patria
464 3735 622 3794 desideretl
651 3755 767 3812 quorum
780 3736 803 3794 si
816 3737 911 3795 caeteri
924 3737 1028 3796 similes
1041 3736 1107 3796 fuis·

209 3843 220 3876 ἱ
