2620 4200
156 307 216 382 2⁷4
245 267 248 280 ¹
311 352 313 362 ,
537 311 603 372 mn
620 317 703 376 snm
732 275 734 280 ⁵
794 341 797 346 -

196 449 263 522 XV.
285 461 302 498 ‘⁶
313 453 393 522 Quin
407 461 448 527 tu,
460 451 563 516 omissi
582 458 633 519 ista
653 462 790 523 nocrmnt
810 462 912 530 ansts,
927 467 961 522 ed
976 467 1004 524 id
1017 463 1091 541 quod

159 535 273 601 “doles
294 535 367 607 quod
389 534 548 614 [invidiam]
571 538 634 606 urit,
655 541 821 600 reverterist
874 543 955 600 tCur
975 564 1090 620 usquam

159 612 283 688 ‘stregai
296 612 335 675 tui
350 613 454 672 mentio
468 612 507 684 fit,
521 613 645 674 Demetri
657 619 668 672 t
693 635 743 676 cur
757 619 865 694 dignior
879 623 962 695 patris
976 623 1091 685 fortuna

159 696 177 727 “
188 695 348 750 ‘successor
368 691 532 764 quibusdem
553 693 663 761 videris,
677 696 758 770 quim
772 699 845 771 egoi
873 718 922 758 our
943 720 1021 774 spem
1034 720 1092 761 me·

160 772 258 834 mem,
273 787 343 841 quae,
358 768 380 830 si
395 779 425 824 tu
438 788 493 826 non
507 788 592 837 esses,
607 784 684 830 certa
696 785 764 842 erat,
779 776 891 836 dubiam
905 788 933 834 et
946 778 1090 839 sollicitam
1113 788 1128 830 -5

159 849 194 882 “‘
204 845 273 904 sacis
282 847 308 902 t'
351 847 422 904 Haec
435 847 519 904 sentit
533 848 660 922 Perseus,
680 853 732 916 etsi
745 872 801 910 non
814 854 901 911 dicit:
932 856 992 916 bac
1009 857 1090 920 istum

158 928 177 960 “
186 923 340 995 inimicum,
359 925 419 981 brec
439 937 628 984 accusatorem
649 929 773 988 faciunt:
806 932 867 988 brec
887 933 1009 1006 domum,
1032 936 1094 992 haec

159 1005 302 1075 “regnum
316 1012 404 1074 tuum,
422 1003 586 1060 criminibus
606 1014 634 1061 et
653 1008 857 1081 suspicionibus
877 1011 992 1084 replent.
1032 1013 1094 1087 Ego

159 1082 288 1146 “eutem
301 1091 388 1153 pater,
411 1081 643 1154 quemadmodum
665 1103 719 1142 nec
740 1105 816 1144 nnnc
837 1107 946 1162 sperare
966 1109 1093 1164 regnum,

159 1161 178 1194 “
187 1175 240 1214 neo
254 1158 395 1232 ambigere
409 1177 528 1232 unquam
549 1161 585 1218 de
604 1180 638 1218 ao
658 1161 770 1220 forsitan
785 1163 912 1237 debeam,
925 1167 990 1240 quia
1003 1168 1094 1226 minor
1105 1177 1130 1214 1⁰

159 1238 258 1307 “sum,
273 1236 380 1308 quintu
394 1255 439 1292 me
462 1238 557 1312 majori
579 1239 679 1302 cedere
701 1241 760 1311 vis;
794 1243 834 1300 sic
857 1242 926 1300 illud
942 1265 995 1302 nec
1009 1246 1094 1303 debui

174 1313 289 1384 *facere
303 1332 356 1370 nec
369 1311 467 1386 debeo,
488 1327 519 1372 ut
532 1317 664 1390 indignus
687 1317 727 1394 [te
740 1321 840 1398 patre,]
865 1322 996 1398 indignus
1008 1313 1097 1386 omni·

172 1391 239 1448 ‘bus
253 1393 364 1449 videar:
385 1392 413 1448 id
427 1393 503 1450 enim
514 1393 586 1450 vitiis
599 1396 678 1468 meis,
692 1415 748 1454 non
767 1399 903 1470 cedendo,
917 1401 963 1458 cui
984 1401 1029 1476 jus
1043 1401 1097 1460 sesa

173 1473 242 1543 ‘que
256 1481 307 1536 est,
321 1489 377 1528 non
391 1471 536 1541 moderna,
550 1491 712 1547 consequar.
746 1476 891 1534 Romanos
900 1478 999 1554 objicis
1009 1480 1094 1548 mihi3

161 1545 180 1584 ‘⁸
189 1559 218 1605 et
237 1567 280 1621 ea,
302 1567 362 1622 quae
383 1549 477 1623 glorie
499 1568 559 1606 esse
583 1551 695 1620 debent,
717 1552 747 1612 in
768 1555 875 1615 crimen
894 1557 984 1616 vertis.
1025 1557 1095 1632 Ego,
1106 1566 1131 1604 1⁵

161 1629 242 1709 “npc
255 1627 336 1684 obses
359 1626 498 1684 Romanis
519 1638 549 1686 ut
571 1629 703 1700 traderer,
726 1650 780 1688 neo
794 1643 825 1688 ut
847 1633 955 1708 legatus
975 1635 1096 1693 mitterer

161 1703 332 1792 “Rornam,
345 1705 428 1777 petii:
461 1717 518 1762 ate
542 1705 641 1762 missus
667 1708 706 1770 ire
725 1727 780 1766 non
806 1712 952 1768 recusavi:
983 1723 1097 1787 utroque

162 1784 311 1855 “tempore
326 1792 363 1837 rta
376 1801 421 1838 me
440 1782 524 1857 gessi,
548 1801 584 1838 ne
610 1784 660 1840 tibi
683 1785 790 1860 pudori,
814 1805 850 1844 ne
872 1807 960 1863 regno
983 1801 1038 1862 tuo,
1060 1811 1098 1849 ne

162 1859 266 1942 “genti
293 1857 480 1920 Macedonum
506 1878 605 1922 essem.
658 1861 755 1938 Itaque
781 1865 850 1922 mibi
875 1885 940 1924 cum
961 1869 1099 1927 Romanis

161 1946 319 2030 “amicitie
342 1964 428 2004 causa
448 1952 478 2004 tu
498 1939 584 2011 suisti,
609 1953 693 2020 peter·
732 1942 836 2008 Quoad
857 1955 950 2003 tecum
971 1947 1025 2004 iltis
1045 1951 1132 2023 panm

164 2026 324 2092 “manebit
346 2043 455 2082 mecum
475 2042 583 2099 quoque
604 2022 694 2098 gratia
706 2024 775 2082 erit:
803 2024 828 2086 si
851 2023 954 2081 bellum
968 2044 1029 2084 asse
1043 2045 1100 2082 coe·

136 2163 141 2184 Ι
165 2105 271 2179 “perit
285 2104 331 2178 qni
344 2104 435 2169 obses,
449 2102 495 2176 qui
508 2103 615 2176 legatus
626 2120 674 2178 pro
685 2112 761 2176 patre
775 2121 832 2158 non
844 2101 949 2159 inutilis
962 2103 1011 2170 fui,
1024 2105 1099 2162 idem

165 2183 279 2240 “bostis
304 2181 357 2238 illis
387 2181 538 2238 acerrimus
563 2198 620 2236 ero.
669 2179 733 2238 Nec
760 2180 852 2246 hodie,
876 2190 906 2242 ut
925 2181 1010 2256 prosit
1031 2182 1100 2238 mihi

166 2265 185 2298 ‘⁶
195 2260 284 2334 gretia
300 2261 498 2327 Romanorum,
512 2257 637 2332 postulo;
667 2276 704 2314 ne
716 2258 798 2330 obsit,
819 2259 929 2316 tantum
950 2259 1100 2333 deprecor:

166 2343 185 2376 ‘⁴
195 2355 248 2398 nec
261 2339 290 2395 in
304 2338 376 2394 bello
389 2337 482 2412 coepit,
497 2355 550 2396 nec
563 2337 599 2398 ad
623 2337 725 2396 bellum
740 2346 900 2394 reservatur.
941 2336 1023 2394 Pacis
1043 2336 1136 2413 pig-⁹⁵

166 2419 246 2472 “nus
261 2409 317 2483 sui3
337 2413 372 2472 ad
387 2433 483 2490 paoem
497 2415 671 2472 retinendam
691 2415 799 2490 legatus
812 2415 913 2472 missus
926 2433 1007 2472 sum:
1035 2434 1104 2472 neu·

167 2498 238 2552 “tra
257 2513 301 2550 res
321 2493 388 2550 mihi
409 2512 462 2551 nec
482 2491 575 2565 gloria
595 2512 650 2551 nec
669 2493 780 2556 crimini
800 2492 844 2550 rit.
892 2491 962 2566 Ego,
990 2493 1012 2550 si
1035 2493 1103 2566 quid

167 2574 187 2612 ⁴⁶
196 2570 278 2644 impie
294 2571 321 2626 in
336 2581 372 2640 te,
386 2581 471 2644 peter,
486 2571 587 2644 siquid
601 2571 734 2628 scelerate
747 2572 777 2627 in
796 2570 907 2627 fratrem
920 2570 1028 2641 admisi,
1040 2570 1105 2626 nul-

168 2652 187 2688 ⁴‘
196 2647 250 2706 lam
265 2648 396 2721 deprecor
410 2665 518 2720 pomam
532 2667 538 2704 :
559 2648 582 2703 si
596 2649 731 2706 innocens
744 2667 814 2718 sum,
833 2667 870 2704 ne
884 2649 987 2705 invidie
1001 2647 1105 2704 confla·

118 2725 122 2734 ’
168 2729 188 2766 “
197 2745 284 2802 grem,
297 2743 383 2798 quun]
396 2725 512 2780 crimine
527 2744 582 2780 non
593 2726 704 2800 possim,
718 2726 860 2800 deprecor.
889 2726 955 2782 Non
969 2726 1050 2784 bodie
1060 2729 1137 2782 me³⁰

169 2805 318 2880 “primum
333 2803 415 2860 frater
429 2814 560 2871 accusati
593 2805 642 2860 sed
666 2803 747 2861 hodie
769 2804 887 2878 primum
912 2804 1014 2878 aperte,
1028 2803 1105 2866 nullo

170 2887 259 2940 “meo
272 2884 301 2940 in
315 2900 344 2938 se
359 2881 464 2938 merito.
505 2881 534 2936 Si
549 2882 616 2938 mihi
631 2892 706 2956 pater
719 2892 907 2952 succenseret,
931 2893 958 2937 te
973 2882 1106 2957 majorem

170 2964 189 2998 “
201 2961 311 3018 fratrem
332 2959 504 3034 prominere
524 2959 667 3033 deprecari
681 2961 832 3034 oportebat,
852 2970 880 3016 te
900 2959 1105 3025 adolescentia,

170 3041 226 3098 “te
246 3039 341 3105 errori,
362 3038 470 3094 veniam
493 3036 655 3111 impetrare:
688 3038 717 3096 in
740 3056 784 3109 eo,
802 3035 1032 3112 ubi'praesidium
1045 3055 1106 3092 esse

169 3119 191 3156 ‘⁴
199 3117 349 3190 oportebat,
364 3116 402 3172 ibi
415 3115 530 3172 exitium
545 3125 595 3172 est.
639 3115 664 3172 E
678 3116 804 3174 convivio
816 3127 845 3172 et
864 3115 1140 3172 comissationibus3⁵

172 3194 281 3268 “prope
293 3193 475 3252 semisomnus
488 3204 581 3267 raptus
594 3213 655 3252 sum
673 3193 708 3249 ad
731 3213 843 3252 causam
857 3193 998 3268 parricidii
1012 3193 1108 3250 dicen·

172 3271 284 3338 “demr
317 3270 377 3328 eins
400 3271 548 3342 advocetis,
569 3271 629 3330 sine
651 3272 783 3346 patronis,
807 3273 865 3345 ipse
886 3290 935 3345 pro
949 3290 993 3331 mc
1013 3271 1107 3328 dicere

172 3354 192 3387 “
201 3367 294 3424 cogor.
335 3349 367 3406 Si
381 3368 429 3423 pro
449 3349 503 3408 elio
521 3349 673 3408 dicendum
693 3359 775 3420 esset,
795 3359 904 3423 tempus
925 3349 959 3406 ed
974 3348 1109 3409 meditan-

173 3429 266 3488 “dum
280 3437 308 3488 ct
319 3428 539 3501 componendam
560 3429 712 3489 orationem
733 3428 920 3502 sumpsissem,
943 3445 1028 3501 quum
1042 3423 1108 3501 quid

173 3505 285 3575 “diua
298 3505 380 3580 quim
394 3505 499 3580 ingenii
513 3503 595 3573 semi,
610 3506 800 3581 periclitarert
840 3505 969 3581 Ignarus,
987 3505 1054 3579 quid
1067 3505 1154 3561 ποθ’

174 3585 319 3642 “cessitas
332 3601 431 3648 essem,
445 3594 472 3644 te
486 3583 585 3643 iratum
598 3595 626 3642 et
647 3584 791 3658 jubentem
814 3585 907 3642 dicere
921 3601 1045 3653 causam,
1058 3581 1111 3643 fre·-

174 3663 274 3716 “trem
288 3672 465 3720 accusantem
479 3662 581 3722 audivi.
621 3661 673 3722 Ille
686 3663 735 3720 diu
756 3664 820 3720 ante
841 3663 1003 3756 preparati,
1023 3659 1111 3718 medi·

174 3736 269 3808 “nd,
283 3738 312 3794 in
332 3757 377 3796 sne
396 3739 519 3796 cretione
532 3751 575 3798 est
594 3759 678 3800 usus:
711 3758 764 3815 ego
787 3740 815 3798 id
837 3750 946 3798 tantum
969 3737 1109 3814 temporis,
