2620 4200
527 363 629 412 LIBER
644 363 698 411 XL.
725 377 784 412 cnr.
800 378 836 411 vr.
1019 397 1027 420 ,ι
1077 364 1135 420 265

202 505 296 564 animo
316 505 421 562 exitum
444 504 549 580 incauti
570 505 702 562 31133313
723 504 843 562 fraterna
859 503 977 578 invenie,
1004 503 1135 578 adjuvan·

202 586 278 649 dum,
299 584 371 657 quod
385 583 506 638 futurum
520 594 588 654 erat,
601 584 663 647 rati,
684 582 883 655 fovendamque
904 599 980 654 spem
1001 582 1134 654 potentio-

201 662 246 731 ris,
261 661 362 717 Perseo
381 679 411 718 se
431 661 594 735 adjungunt.
634 661 743 716 Caetera
756 660 784 715 in
798 679 877 716 suum
899 677 1013 732 quaque
1027 669 1134 732 tempus

201 739 311 814 agenda
324 738 473 795 differunt:
494 739 522 794 in
536 739 681 812 praesentia
696 738 795 811 placet,
818 737 895 794 omni
916 755 967 810 ope
989 736 1016 792 in
1031 735 1135 792 Rome·

178 833 251 873 snos
271 816 388 872 accendi
402 833 506 889 regem,
521 816 678 889 impellique
692 816 727 870 331
740 815 856 871 consilia
870 814 942 879 belli,
958 815 991 869 ad
1005 832 1066 886 quae
1077 814 1134 888 jam

200 897 249 950 sud
275 905 371 967 sponte
398 894 521 949 animum
542 893 710 949 inclinasset.
752 893 850 958 Simul,
871 902 901 948 ut
927 891 1085 947 Demetrius
1105 891 1134 948 in

200 971 260 1026 dies
286 971 438 1044 suspectior
457 982 537 1040 esset,
568 991 602 1027 ex
623 971 773 1044 compositu
793 989 933 1026 sermones
953 970 987 1026 ad
1011 967 1135 1043 [spretio-

199 1049 277 1126 nem]
295 1049 484 1104 Romanorum
499 1048 662 1104 trahebant:
684 1048 721 1103 ibi
731 1067 815 1122 quum
827 1048 873 1104 alii
887 1067 976 1104 mores
986 1059 1014 1102 et
1026 1047 1134 1102 institu-

199 1135 226 1181 ta
240 1145 344 1196 eorum,
359 1125 404 1180 3111
419 1145 462 1181 res
482 1137 582 1200 gestae,
603 1126 649 1181 alii
670 1127 790 1199 speciem
806 1125 891 1200 ipsius
905 1125 989 1190 urbis,
1010 1125 1134 1180 nondum

168 1215 336 1260 taexornatae
350 1221 440 1275 neque
460 1203 580 1277 publicis
599 1222 689 1276 neque
710 1204 820 1277 privatis
840 1203 918 1267 locis,
943 1203 989 1258 alii
1010 1201 1134 1275 singulos

198 1281 354 1354 principum
376 1281 539 1348 eluderent3
565 1282 675 1356 juvenis
695 1281 833 1351 incautus,
853 1291 881 1338 et
901 1299 993 1336 amore
1013 1279 1134 1336 nominis

198 1359 328 1427 Romani,
343 1368 371 1414 et
383 1359 535 1418 certamine
548 1360 678 1414 adversus
699 1359 819 1429 fratrem,
839 1359 933 1414 omnia
945 1358 1059 1422 tuendo,
1073 1376 1134 1412 sus·

197 1447 308 1510 pectam
323 1455 352 1491 se
367 1436 435 1511 patri
450 1447 477 1491 et
491 1443 675 1511 opportunum
689 1437 852 1494 criminibus
869 1436 995 1492 faciebat.
1037 1435 1133 1507 ltaque

197 1525 338 1587 expertem
351 1532 416 1569 enm
430 1524 506 1602 pater
520 1514 645 1570 omniurn
659 1515 693 1570 de
708 1515 791 1571 rebus
804 1514 941 1570 Romanis
954 1513 1133 1570 consiliorum

167 1607 189 1647 13
198 1592 333 1648 habebat
363 1601 436 1648 totus
451 1592 479 1646 in
493 1593 595 1648 Persea
616 1611 718 1658 versus,
740 1611 805 1650 curn
818 1611 852 1648 eo
872 1591 1053 1665 cogitationes
1072 1590 1133 1664 ejus

197 1688 236 1725 133
229 1669 310 1725 31133
323 1687 356 1725 33
370 1679 466 1724 noctes
479 1670 608 1742 agitabat.
650 1670 814 1735 Redierant‚
838 1689 905 1743 quos
929 1669 998 1725 sorte
1021 1668 1133 1724 miserat

196 1746 225 1802 in
240 1747 388 1802 Bastarnas
402 1747 437 1801 ad
451 1749 618 1804 arcessenda
632 1741 742 1818 auxilia,
764 1749 991 1820 adduxerantque
1005 1745 1071 1802 inde
1085 1763 1132 1801 no·

196 1824 285 1880 biles
275 1843 401 1897 juvenes,
415 1835 443 1879 et
455 1825 524 1911 regii
538 1827 671 1913 quosdam
682 1844 814 1900 genens,
842 1844 957 1898 quorum
974 1842 1132 1880 33333313-

196 1919 254 1957 rern
269 1919 345 1956 suern
361 1902 388 1956 13
402 1901 607 1958 matrimonium
621 1903 740 1976 Philippi
754 1903 810 1959 filio
820 1903 1016 1976 pollicebatur:
1037 1919 1131 1957 erexe-

162 1989 291 2051 acratque
314 1978 483 2034 consociatio
505 1980 596 2052 gentis
616 1981 676 2053 ejus
697 1980 820 2036 animum
840 1980 921 2053 regis.
969 1979 1044 2034 Tum
1066 1976 1131 2032 Per·

161 2075 165 2080 ·
195 2075 268 2121 sens,
291 2055 399 2115 “Quid
413 2055 465 2111 ista
478 2057 639 2128 prosuntl”
654 2057 750 2130 inquit.
792 2057 1002 2130 “Nequaquam
1023 2065 1130 2111 tantum

196 2134 252 2190 “in
266 2133 387 2190 externis
407 2133 516 2190 auxiliis
536 2145 578 2190 est
597 2135 725 2209 praesidii‚
747 2145 878 2208 quantum
899 2133 1013 2227 periculi
1034 2132 1130 2188 fraude
1183 2185 1185 2194 ,

196 2211 383 2268 “domest1ca
437 2212 607 2269 Proditorem
628 2213 692 2268 nolo
712 2212 815 2282 dicere,
836 2212 910 2267 certe
930 2209 1130 2284 speculatorem

195 2298 213 2324 ‘⁴
223 2289 377 2346 habemus
370 2309 398 2344 33
410 2289 491 2344 3133·
485 2291 602 2364 ,cnjus
622 2308 658 2346 ex
670 2308 724 2378 que
736 2273 829 2346 obses
836 2290 936 2346 Roma
950 2289 1010 2354 luit,
1030 2305 1130 2360 corpus

160 2333 495 2423 aa“nob1sreddiderunl
518 2368 650 2439 Romani,
672 2368 794 2424 animum
809 2368 861 2442 ipsi
882 2366 992 2446 habent.
1033 2363 1130 2420 Omni·

194 2449 212 2480 “
224 2464 270 2501 313
293 2463 372 2519 paene
396 2446 614 2502 lllacedonum
607 2465 635 2501 33
657 2465 721 2501 3313
741 2464 790 2501 ora
809 2435 943 2501 conversa
963 2453 1044 2500 sunt·
1075 2459 1129 2498 nec

194 2526 212 2558 “
221 2541 315 2595 regem
328 2541 358 2578 33
373 2522 455 2577 alium
469 2534 564 2578 rentur
579 2523 802 2592 3331133333333,
817 2541 899 2610 quarn
913 2539 994 2594 quem
1006 2517 1128 2576 Romani

193 2601 211 2632 “
220 2600 370 2656 dedissent
372 2599 390 2625 '’
432 2599 494 2670 His,
515 2619 564 2674 per
583 2619 613 2656 33
634 2619 716 2674 aegra,
738 2619 816 2656 meus
829 2619 904 2656 33313
917 2598 1127 2654 stimulabatur

193 2687 220 2732 et
234 2677 326 2734 animo
339 2677 437 2750 tnagis,
451 2675 534 2750 quarn
549 2678 634 2750 vultu,
648 2697 682 2734 33
696 2679 813 2735 31113133
827 2677 989 2751 accipiebat.

158 2849 183 2888 ao
230 2828 282 2886 VI.
304 2830 387 2887 Forte
400 2831 534 2888 lustrandi
547 2835 684 2890 exercitus
697 2835 772 2890 veuit
785 2845 903 2906 tempus,
919 2832 999 2906 cnjus
1012 2830 1126 2887 solenne

191 2919 233 2966 est
246 2909 309 2964 tale.
349 2909 441 2982 Caput
454 2909 551 2965 33331133
566 2911 644 2966 33313
657 2912 788 2984 praecisae,
802 2925 830 2967 et
842 2910 915 2985 prior
928 2927 999 2984 pars,
1013 2908 1047 2963 331
1062 2908 1127 2964 der·

190 2996 287 3052 teram,
312 3006 377 3043 curn
404 2986 474 3042 extis
493 2989 625 3061 posterior
645 2990 679 3044 ad
700 2989 795 3044 laevam
821 2989 870 3044 viae
891 2987 1020 3061 ponitur:
1054 2985 1125 3041 inter

190 3065 264 3120 hanc
288 3065 403 3120 divisam
424 3065 539 3121 hostiam
565 3066 651 3139 copiae
665 3081 776 3122 armatae
796 3067 985 3121 traducuntur.
1026 3062 1126 3118 Praefe-

191 3152 287 3198 runtur
301 3143 389 3214 primo
402 3141 505 3216 agmini
519 3161 595 3198 arma
618 3143 738 3217 insignia
761 3143 884 3199 omniurn
908 3142 943 3198 ab
955 3141 1053 3197 31113331
1072 3139 1125 3197 ori·

158 3219 256 3294 aagine
280 3218 453 3276 Macedonia
474 3238 589 3292 regum:
623 3221 724 3277 deinde
737 3239 786 3276 rex
806 3221 864 3294 ipsa
884 3238 949 3276 curn
969 3218 1062 3275 liberis
1082 3236 1124 3274 se·

189 3297 297 3370 quitur:
318 3297 441 3370 proxima
454 3307 495 3352 est
508 3298 585 3372 regia
598 3299 696 3354 cohors
709 3299 892 3371 custodesque
905 3298 1042 3371 corperis:
1062 3314 1123 3370 pos·

189 3384 307 3430 uernum
322 3392 422 3448 agmen
436 3373 625 3431 Macedonum
642 3385 744 3432 caetera
758 3375 904 3433 multitudo
917 3375 1030 3433 claudit
1069 3373 1122 3428 La·

190 3461 249 3506 tera
261 3453 334 3526 regis
342 3453 407 3507 'duo
430 3451 506 3507 11111
496 3471 612 3527 juvenes
624 3453 784 3541 cingebant,
805 3453 949 3510 Ρ313333
939 3472 997 3528 Jam
1017 3448 1123 3506 tricesi-

190 3545 266 3584 murn
287 3547 390 3585 aunum
410 3543 506 3604 agens,
520 3529 679 3586 Demetrius
692 3531 882 3604 quinquennio
903 3532 1008 3597 minor3
1029 3527 1121 3584 medio

156 3605 307 3679 rejuventaa
320 3608 416 3663 robore
430 3606 484 3676 1113,
499 3607 545 3664 1113
559 3606 642 3676 11313;
677 3608 806 3664 fortunati
827 3609 910 3683 patris
923 3618 1031 3665 matura
1043 3605 1121 3662 sobo·

188 3683 239 3748 les,
266 3683 288 3738 si
309 3703 387 3742 mens
407 3703 474 3740 sana
498 3684 601 3742 suisset.
655 3685 719 3742 Mos
748 3696 815 3751 erat,
846 3684 1013 3744 lustrationis
1042 3699 1121 3740 33333

187 3771 309 3836 peracto,
323 3763 473 3820 exercitum
494 3762 651 3835 decurrere,
671 3775 699 3820 et
713 3763 813 3820 divisas
826 3764 950 3822 bilariam
963 3763 1033 3818 duas
1045 3759 1121 3817 acies

491 3839 529 3896 23
