2620 4200
183 351 243 416 ιιι
565 351 729 410 ιιιιιιιιι

187 493 206 531 “
216 491 309 553 Vultis
321 491 374 550 hoe
387 499 527 550 certamen
541 491 673 550 uxoribus
684 490 783 550 vestm
795 489 918 566 injicere,
934 491 1072 564 Quirites,
1085 501 1118 552 ut

188 573 207 608 “
218 570 315 630 divites
328 568 356 626 id
369 568 470 626 habere
484 569 576 638 velint,
596 569 668 642 quod
689 568 765 628 nulla
784 567 839 626 ulia
849 569 952 644 posslt;
972 587 1116 644 pauperes,

188 650 254 705 “ne
273 647 309 704 ob
329 645 409 704 hoe
402 664 491 719 iprum
520 656 740 716 eontemnautnr,
769 663 852 720 supra
877 645 947 704 vires
974 665 1004 702 aa
1023 658 1119 704 exter»

188 723 307 781 “dautl
359 722 423 792 Nae,
453 722 534 780 simul
560 723 675 797 pudere,
702 723 775 796 quod
802 742 860 780 non
885 733 999 797 oportet,
1027 741 1119 812 crepe

188 805 207 840 “
218 801 262 873 ιιι
291 801 363 874 quod
391 810 506 874 oportet,
534 819 589 858 non
618 800 739 888 pudebit.
790 799 864 860 Quae
884 799 919 856 de
938 819 988 860 suo
1009 801 1153 874 poterint

189 847 345 954 “puiabit:
377 895 438 951 quaa
470 895 526 934 nou
551 877 659 965 poterit,
691 877 778 936 virum
810 877 924 952 rogabit.
979 877 1119 942 Miserum

189 956 298 1014 “illurn
330 955 427 1024 virum,
459 964 487 1015 ιι
517 955 564 1027 ‘lui
596 965 732 1025 exoratus,
765 965 794 1012 et
825 953 871 1028 qni
904 973 959 1012 non
991 965 1119 1012 exoratus

189 1038 209 1072 “
220 1033 287 1090 eritl
307 1051 401 1123 quum,
414 1031 513 1104 quod'
507 1050 565 1119 rpse
578 1050 635 1088 ιιοιι
648 999 763 1102 dederit,
786 1031 880 1088 datum
894 1032 929 1088 ab
942 1029 994 1090 alio
1007 1031 1119 1088 videbit,

190 1116 209 1151 “
220 1109 307 1168 Nune
320 1106 402 1183 vulgo
414 1109 518 1164 alienos
540 1109 611 1166 viros
630 1120 736 1182 rogant,
760 1119 798 1174 et,
818 1109 891 1182 quod
910 1127 997 1184 majus
1009 1119 1060 1179 est
1080 1109 1120 1165 les

190 1194 210 1230 ‘·
201 1205 285 1264 ·gem
298 1198 326 1244 et
339 1185 469 1260 suffragia
481 1196 587 1260 rogant,
610 1195 639 1242 et
651 1204 667 1241 a
680 1185 864 1258 quibusdem
857 1197 1013 1260 impetrant,
1028 1153 1122 1242 adver·
1131 1197 1154 1240 lt

191 1273 210 1316 ‘t
222 1284 269 1322 sus
282 1276 317 1334 te,
331 1274 360 1320 et
382 1281 440 1320 rem
452 1273 537 1334 tuam,
558 1273 586 1320 et
598 1262 698 1318 liberos
718 1273 780 1319 tuos
803 1263 992 1320 inexorabiles
1032 1262 1121 1320 Simul

192 1348 211 1386 ‘t
223 1342 268 1398 lex
280 1309 392 1398 mddum
405 1307 558 1414 sumptibus
571 1339 665 1396 uxoris
678 1350 733 1396 ture
756 1339 847 1396 saeere
868 1340 988 1411 desierit,
1001 1357 1031 1396 tu
1051 1359 1122 1397 nun·

192 1428 305 1494 “quam
331 1418 423 1476 laeies
476 1417 569 1473 Nolite
589 1417 687 1474 eodem
712 1416 774 1476 loeo
793 1417 957 1488 existimare,
986 1416 1121 1488 Quirites,

194 1506 213 1542 “
226 1495 344 1554 suturam
358 1515 425 1564 reru,
439 1513 493 1568 quo
507 1494 565 1563 luit,
580 1505 725 1567 antequam
739 1494 784 1550 lex
797 1495 832 1552 de
846 1495 898 1552 hoo
912 1494 1036 1552 serretur.
1075 1494 1120 1561 Et,

194 1584 212 1620 ‘t
226 1574 366 1632 hominem
380 1573 533 1646 improbum
547 1591 602 1628 non
622 1571 756 1636 accusari,
779 1571 866 1628 tutius
878 1582 928 1640 est,
942 1572 1024 1646 quim
1038 1571 1157 1630 absol-1³

195 1663 214 1698 ‘⁶
226 1652 269 1708 ri:
290 1661 318 1708 et
329 1650 436 1706 luxurio
449 1668 504 1706 non
519 1660 592 1706 mota
605 1648 769 1714 tolerabilior
782 1660 862 1717 esset,
873 1648 956 1722 quim
967 1647 1019 1705 erit
1038 1668 1123 1720 nune,

194 1728 291 1800 “ipsis
312 1727 438 1790 vinculis,
466 1727 538 1782 sieut
564 1726 620 1782 lere
646 1726 741 1796 bestia,
762 1725 874 1796 irritata,
895 1726 995 1782 deinde
1015 1727 1123 1783 emises.

192 1817 213 1851 tt
225 1803 285 1878 Ego
299 1804 374 1858 nullo
389 1803 469 1858 modo
482 1801 667 1876 abrogandam
690 1802 781 1874 legem
797 1801 916 1876 Oppiam
930 1822 1048 1862 censeo:
1078 1823 1126 1861 vos

195 1895 214 1929 ‘t
225 1881 296 1954 quod
311 1879 411 1945 seritis,
426 1878 500 1936 Deos
513 1897 609 1936 omnes
622 1878 759 1934 fortunare
773 1879 863 1934 velim.
865 1879 883 1905 ''

190 2089 193 2095 r
234 2036 270 2113 Y.
303 2035 369 2092 Post
381 2036 440 2090 haec
454 2033 556 2094 tribuni
575 2052 693 2121 qnqque
702 2033 800 2108 plebei,
820 2035 866 2108 qui
887 2055 915 2092 se
929 2035 1158 2094 intercessurosen

198 2113 311 2189 professi
326 2123 403 2168 erant
406 2121 509 2185 ,quum
522 2129 613 2186 panea
630 2111 659 2166 in
682 2112 808 2168 eamdem
832 2113 997 2168 sententiam
1011 2113 1127 2188 adjecis-

199 2202 278 2259 seut;
309 2189 412 2250 tumL.
427 2189 554 2245 Valerius
566 2207 614 2262 pro
628 2189 768 2264 rogatione
790 2189 824 2244 ab
847 2209 876 2246 se
900 2190 1069 2264 promulgata
1088 2191 1128 2247 ita

200 2268 336 2326 disseruit.
376 2273 394 2303 n
407 2267 437 2322 Si
458 2266 553 2341 privati
575 2267 763 2324 tantummodo
784 2267 818 2322 ed
832 2267 1002 2322 suadendum
1024 2267 1128 2324 dissue·

119 2383 126 2400 .
198 2349 217 2384 “
230 2347 404 2419 dendumque
416 2345 442 2400 id
447 2344 780 2419 ,quodanobisrogatuu
790 2344 995 2432 processissent,
1004 2363 1129 2418 egoque·

198 2426 218 2461 “
227 2443 292 2498 que,
306 2442 389 2497 quum
404 2434 469 2478 satrs
477 2423 580 2479 drotum
592 2441 640 2496 pro
651 2425 763 2496 utruque
772 2432 848 2494 parte
858 2421 1052 2488 existimarem,
1061 2421 1129 2478 taei-
1136 2436 1161 2474 es

198 2504 273 2558 “tus
286 2500 415 2574 suffragia
429 2511 516 2556 vestra
529 2502 739 2572 suspectissem.
768 2499 862 2565 Nune,
876 2518 960 2572 quum
975 2499 1013 2554 vir
1026 2499 1129 2572 gravis·

198 2578 249 2613 “
228 2597 322 2664 simus,
337 2577 432 2632 eonsul
447 2576 487 2634 M.
502 2577 625 2647 Porcius,
633 2596 689 2634 non
698 2587 858 2634 auctoritate
869 2571 1034 2654 solemque
1044 2575 1129 2632 taeita

199 2658 218 2690 ‘¹
229 2654 295 2710 setis
308 2647 440 2708 momenti
454 2653 601 2718 habuisset,
612 2654 660 2708 sed
668 2653 790 2710 oratione
798 2664 881 2708 etiam
891 2653 972 2730 longa
979 2665 1006 2709 et
1016 2670 1129 2709 accuru-

199 2738 219 2770 “
229 2731 258 2788 td
272 2731 422 2788 insectatus
435 2728 470 2784 sit
483 2729 651 2802 rogationem
674 2741 801 2798 nostram,
820 2743 966 2788 necessum
980 2741 1021 2786 est
1032 2729 1129 2818 paneis

199 2813 219 2849 ‘⁶
231 2808 412 2904 respondere:
432 2806 478 2880 qui
487 2817 579 2862 tamen
593 2806 670 2880 plura
678 2807 777 2864 verba
771 2827 800 2866 m
812 2807 978 2884 castigandis
988 2807 1162 2874 matronis-‘ln

200 2884 314 2960 “quim
341 2885 368 2946 in
390 2885 529 2974 rogatione
550 2885 643 2940 nostri
663 2885 854 2954 dissuadenda,
883 2885 1130 2960 consumpsit3et

201 2964 341 3038 “quidem
357 2974 386 3020 ut
400 2964 428 3018 in
449 2962 532 3018 dubio
552 2973 674 3036 poneret,
689 2961 777 3020 utrdm
798 2962 835 3031 id,
856 2963 927 3037 quod
947 2962 1131 3035 reprehende·

201 3047 221 3083 “
232 3053 281 3111 ret,
303 3051 433 3098 matronae
453 3059 501 3098 sua
521 3051 627 3114 sponte,
647 3059 681 3096 an
703 3040 782 3096 nobis
802 3008 967 3104 arioloribus,
988 3037 1129 3096 fecissent.

201 3117 306 3176 “Rem
320 3118 475 3186 defendam,
489 3135 543 3174 uon
557 3135 622 3185 n0s;
656 3117 683 3174 in
697 3137 764 3190 quos
773 3117 842 3192 jecit
863 3115 947 3190 magis
960 3116 1012 3172 hoe
1032 3117 1130 3174 consul

202 3203 221 3238 ιι
232 3195 315 3252 verbo
328 3207 418 3267 tenus,
431 3193 512 3268 quim
526 3208 556 3252 ut
569 3213 598 3250 re
618 3194 796 3251 insimularet
836 3193 955 3259 Cortum,
979 3203 1007 3250 et
1020 3193 1163 3250 seditio-as

203 3281 222 3318 tt
233 3290 292 3341 nes,
306 3283 334 3328 et
347 3272 483 3328 interdum
502 3272 685 3330 secessionem
707 3272 867 3329 muliebrem
888 3270 1042 3344 appellavit,
1056 3268 1130 3344 qudd

203 3358 363 3411 “matronae
384 3349 412 3406 in
432 3349 542 3423 publico
562 3368 608 3405 vos
621 3350 772 3424 rogassent,
793 3361 822 3405 ut
835 3348 978 3422 legemur
997 3366 1026 3404 se
1046 3347 1130 3404 latam

204 3440 282 3502 “per
295 3426 397 3482 bellum
411 3427 577 3500 temporibus
590 3426 702 3493 duris,
695 3446 723 3484 m
744 3445 812 3500 pune
824 3436 852 3482 et
872 3425 984 3482 florente
1002 3444 1035 3482 ao
1049 3425 1131 3482 beati

205 3503 376 3578 “republied
402 3503 575 3576 abrogaretis.
616 3503 708 3563 Verba
728 3523 836 3578 magne,
856 3523 917 3578 qnae
937 3503 976 3559 rei
997 3502 1130 3578 augendis

205 3591 225 3628 κ
235 3583 318 3636 causi
332 3579 534 3651 conquirantur,
548 3591 576 3636 et
589 3581 658 3650 haee,
672 3591 700 3638 et
713 3581 767 3636 alia
778 3599 838 3638 esse
851 3580 925 3637 seio:
954 3591 982 3638 et
996 3579 1036 3638 M.
1050 3579 1162 3638 Cato-tt

206 3669 226 3706 ιι
236 3673 300 3714 nem
313 3663 446 3714 orttorem
460 3675 516 3712 nou
529 3655 615 3712 soldm
628 3675 749 3730 gravem,
770 3657 818 3714 sed
832 3657 969 3714 interdum
983 3658 1065 3715 etiam
1078 3666 1132 3714 tru-

207 3744 225 3790 t‘
237 3749 299 3802 depr
319 3751 379 3804 esse
399 3731 501 3798 seimus
521 3751 625 3805 omnes,
645 3753 729 3814 quum
753 3735 864 3808 ingenio
882 3735 917 3792 sit
936 3735 1018 3794 mitis.
1057 3733 1143 3791 Num.
