2620 4200
161 365 222 427 270
544 356 611 410 nm
627 355 709 406 lert

161 511 274 566 t‘noctu
288 513 471 580 sumpserunt.
489 502 490 508 ’
510 499 590 562 Quid
610 501 645 558 de
669 498 770 574 magud
790 510 866 572 parre
880 495 1038 574 principum
1056 500 1100 559 io*

161 589 267 659 “qnnr,
279 583 324 656 qai
339 583 368 638 in
388 579 525 638 Romanis
538 597 615 667 spem
635 596 746 634 omnem
767 577 908 651 dignitatis
931 586 960 634 et
980 578 1098 636 fortunat

161 667 349 736 “postrsrunt,
369 670 398 716 et
417 659 446 714 in
473 676 516 725 eo,
547 676 593 730 qur
612 656 706 714 omnia
719 656 792 730 apud
817 655 960 712 Romanos
981 660 1097 730 potest?

161 740 288 812 “Neque
312 737 479 816 (Herculel)
502 737 584 792 istum
604 733 671 790 mihi
691 731 798 790 tantum
819 733 893 790 fratri
920 735 1025 810 majori,
1039 737 1097 800 ,sed

161 817 271 892 “prope
292 827 344 883 est,
369 827 399 872 ut
421 814 471 872 tibi
496 831 604 888 quoquc
631 812 694 887 ipsi,
713 811 771 884 regi
791 822 820 867 et
839 811 918 885 patri,
939 813 1095 886 preferant.
1118 835 1131 875 a

160 900 179 932 “
189 895 246 952 Iste
266 895 405 959 animost,
421 893 500 967 cujus
515 891 651 948 beneficio
664 907 773 964 poenam
787 889 837 944 tibi
855 901 967 946 senatus
981 893 1094 965 remisit,

160 977 179 1010 “
188 973 235 1046 qui
249 991 326 1030 nunc
339 984 366 1028 te
381 972 416 1027 ab
429 971 512 1027 armis
527 968 663 1026 Romanis
676 967 800 1042 protegit,
815 968 861 1040 qui
874 978 950 1024 tuam
968 982 1097 1027 senectu-

160 1056 245 1110 “tem
256 1051 405 1125 obligatam
419 1058 448 1105 et
460 1048 608 1104 obnoxiam
622 1045 814 1102 adolescentie
832 1065 889 1101 suae
912 1065 973 1102 esse
986 1065 1096 1121 equum

160 1133 179 1165 ‘⁶
188 1139 292 1186 censet
333 1127 386 1184 Pro
400 1128 452 1194 isto
466 1125 588 1183 Romani
602 1134 684 1189 stant,
702 1142 751 1197 pro
764 1123 817 1179 isto
835 1142 933 1180 omnes
953 1126 1034 1182 urbes
1048 1139 1097 1184 tuo

160 1207 305 1281 “imperio
316 1207 447 1274 liberate,
469 1223 518 1279 pro
532 1204 583 1260 isto
604 1201 784 1271 Macedones,
807 1201 854 1274 qui
874 1221 945 1276 pace
966 1204 1133 1264 Romanam

160 1289 179 1321 ‘⁸
188 1285 327 1358 gaudent:
348 1284 426 1350 mihi,
440 1293 538 1358 praeter
551 1293 587 1351 te,
601 1291 687 1355 pater,
708 1279 775 1353 quid
788 1297 903 1352 usquam
917 1292 964 1338 ant
977 1283 1035 1360 spei
1050 1293 1098 1340 aut

161 1365 179 1399 “
188 1362 308 1437 praesidii
322 1364 386 1418 esti
978 1366 981 1372 '

198 1473 253 1576 til.
293 1516 386 1579 “Qud
419 1529 544 1594 spectare
575 1515 634 1572 illas
663 1515 757 1571 literas
784 1515 819 1570 ad
847 1526 873 1572 te
902 1535 978 1574 nunc
1000 1519 1097 1576 missas

78 1649 85 1662 ,
159 1600 179 1634 “
189 1597 226 1654 Τ.
239 1597 351 1657 Quinrit
378 1597 479 1663 credis,
503 1596 612 1670 quibus,
634 1605 662 1650 et
682 1594 754 1650 bene
774 1603 801 1649 te
821 1595 993 1652 consuluisse
1014 1598 1096 1654 rebus

160 1679 179 1711 “
189 1675 253 1745 tuis,
267 1675 314 1746 ait,
327 1673 400 1749 qudd
414 1675 588 1731 Demetrium
602 1673 722 1728 Romam
737 1671 854 1741 miseris,
879 1683 907 1728 et
923 1675 1054 1746 hortatur,
1066 1687 1131 1736 ut15

160 1757 179 1798 ‘t
188 1752 298 1823 iterum,
324 1763 353 1808 et
378 1772 442 1808 cum
469 1753 594 1826 pluribus
615 1749 712 1824 legatis
731 1758 759 1803 et
779 1749 945 1821 primoribus
965 1751 1097 1810 Macedo·

160 1835 178 1866 “
188 1848 263 1898 num,
279 1831 401 1886 remittas
414 1830 498 1884 cumi
528 1829 564 1884 T.
573 1826 710 1887 Quintius
723 1837 849 1882 nuncest
863 1840 959 1886 auctor
972 1832 1096 1888 omnium

160 1911 279 1964 “rerum
293 1907 337 1964 isti
350 1919 378 1963 ct
398 1908 536 1981 magister.
577 1906 650 1961 Eum
674 1904 736 1975 sibi,
760 1916 787 1960 te
800 1906 939 1964 ‘abdicato
959 1921 1046 1982 patre,
1067 1912 1096 1966 in

160 1987 279 2042 “locum
293 1996 371 2042 tuum
385 1985 533 2042 substituit.
574 1984 635 2040 Illic
649 1995 713 2039 ante
728 1983 822 2040 omnia
846 1985 1018 2043 clandestina
1032 2008 1098 2045 con·

97 2124 99 2134 ,
161 2068 179 2099 “
190 2075 269 2120 cocta
282 2074 346 2120 sunt
359 2064 482 2120 consilia.
522 2062 695 2122 Queruntur
709 2061 846 2136 adjutores
864 2065 996 2131 consiliis,
1011 2082 1096 2140 quum
1106 2087 1135 2126 uo

160 2145 214 2197 “te
228 2141 328 2215 plures,
349 2152 377 2198 et
397 2141 536 2215 principes
559 2141 755 2223 Macedonum,
777 2159 841 2196 cum
862 2141 914 2198 isto
927 2144 1036 2208 mittere
1053 2145 1097 2220 jn·

160 2219 244 2274 “bet.
290 2219 350 2279 Qui
375 2221 440 2276 hinc
466 2219 567 2294 integri
587 2230 615 2274 et
635 2218 735 2274 sinceri
757 2219 878 2274 Romam
898 2232 974 2290 eunt,
995 2223 1098 2298 Philip·

161 2303 179 2334 ‘⁶
189 2316 253 2370 pum
275 2317 369 2372 regem
390 2317 419 2353 se
440 2299 542 2356 habere
563 2297 718 2362 credentes,
740 2297 845 2353 imbuti·
860 2298 936 2355 illinc
957 2311 984 2356 et
1000 2301 1096 2359 insecti

161 2375 325 2432 “Romanis
338 2376 531 2433 delenimentis
549 2376 674 2432 redeunt.
715 2375 873 2431 Demetrius
897 2378 930 2433 iis
954 2397 1026 2434 unus
1039 2398 1097 2436 om-

160 2455 234 2509 “nia
248 2465 305 2510 est:
326 2473 389 2510 eum
401 2455 457 2528 jam
472 2473 575 2529 regem,
598 2455 658 2509 vivo
681 2465 767 2527 patre,
791 2453 937 2527 appellant.
979 2457 1050 2514 Haeo
1073 2459 1135 2518 sias

160 2537 179 2567 “
189 2531 326 2605 indignor,
341 2533 510 2590 audiendum
534 2543 575 2588 est
596 2531 697 2601 statim,
721 2549 777 2587 non
801 2532 836 2586 ab
860 2533 921 2589 aliis
937 2534 1031 2604 saltim,
1046 2538 1095 2592 sed

160 2612 179 2643 ‘²
189 2609 273 2663 ctiam
286 2617 306 2663 a'
315 2620 352 2678 te,
366 2621 451 2682 pater,
467 2609 625 2683 cupiditatis
646 2609 724 2683 regni
743 2609 859 2664 crimen.
901 2611 962 2686 Ego
985 2612 1056 2684 vero,
1071 2615 1095 2670 si

160 2691 178 2720 ‘⁶
188 2684 215 2740 in
232 2686 323 2742 medio
336 2687 455 2759 po'nitur,
470 2706 525 2742 non
539 2705 679 2761 agnosco:
709 2703 790 2758 quem
804 2686 879 2742 enim
902 2709 952 2746 suo
965 2691 1026 2746 loco
1039 2711 1096 2748 mo-

160 2769 247 2834 ιινεο,
272 2775 302 2820 ut
325 2764 382 2837 ipse
404 2764 431 2820 in
453 2765 512 2838 ejus
532 2765 624 2821 locum
646 2764 795 2819 succedam
810 2767 838 2828 i,
863 2765 942 2824 Unus
966 2780 1029 2825 ante
1051 2789 1095 2825 me

160 2846 263 2914 “pater
287 2854 344 2899 est:
384 2854 419 2912 ct,
445 2853 475 2898 ut
494 2842 599 2909 diusit‚
624 2841 699 2899 Deos
719 2860 793 2916 rogo.
835 2843 981 2918 Superstes
1004 2847 1130 2923 (etitaao

160 2924 178 2955 “
188 2920 249 2986 sim,
265 2920 288 2976 si
301 2921 435 2985 merebor,
451 2931 480 2976 ut
493 2921 551 2994 ipse
565 2939 609 2976 me
623 2939 683 2977 esse
705 2921 782 2997 velit)
804 2921 991 2982 hereditatem
1006 2927 1095 2998 regni,

160 2997 210 3052 “si
237 3009 314 3070 puter
346 3000 442 3068 tradet,
470 2999 614 3072 accipiam.
668 2999 750 3072 Cupit
777 3016 904 3074 regnum,
931 3003 1095 3074 etquidem

160 3075 323 3134 “scelerate
337 3077 421 3150 cupit,
436 3077 483 3150 qui
506 3078 702 3133 transcendere
719 3077 830 3134 festinat
848 3079 974 3135 ordinem
996 3081 1093 3153 aetatis,

160 3163 178 3188 “
188 3163 301 3220 naturae,
316 3156 400 3212 moris
411 3155 607 3234 Macedonum,
620 3155 689 3229 juris
703 3155 836 3228 gentium.
876 3157 998 3214 ‘Obstat
1011 3160 1093 3216 frater

160 3230 282 3304 “majon
309 3233 344 3288 ad
370 3252 453 3306 quem
483 3234 554 3308 jure,
581 3233 719 3289 voluntate
745 3235 828 3290 etiam
854 3236 947 3308 patris,
975 3251 1126 3311 regnumas

160 3309 314 3382 “pertinet
363 3311 505 3367 Tollatur:
540 3330 595 3368 non
617 3312 721 3384 primus
741 3331 858 3386 regnum
880 3313 1000 3371 fraterni
1015 3315 1092 3370 caede

160 3388 300 3460 “petiero.
341 3387 422 3446 Pater
434 3407 529 3460 senex,
553 3400 580 3444 et
593 3389 650 3445 filio
663 3389 737 3445 solus
756 3391 877 3457 orbatus,
898 3392 933 3447 de
954 3409 983 3448 se
1004 3393 1093 3466 magis

159 3464 302 3532 “timebit
326 3466 407 3540 quim
430 3477 459 3522 ut
481 3466 530 3524 filii
553 3485 651 3524 necem
674 3467 831 3525 ulciscatur.
872 3470 993 3526 Romani
1020 3470 1093 3526 laeta·

160 3553 178 3579 “
190 3543 300 3611 buntur,
324 3545 489 3620 probabunt,
513 3545 662 3602 defendent
683 3545 805 3602 fantum!
846 3545 900 3602 Hm
922 3567 983 3625 spes
1003 3548 1093 3605 incer·

159 3631 230 3687 “tae,
245 3633 331 3694 pater,
353 3622 402 3679 sed
425 3642 481 3680 nou
502 3623 599 3680 inanes
617 3633 697 3680 sunt:
731 3623 770 3680 ita
792 3624 867 3680 enim
888 3644 918 3681 se
932 3645 976 3683 res
990 3627 1125 3690 habento

159 3707 178 3734 ⁴⁶
187 3697 342 3771 periculum
356 3701 418 3756 ritae
439 3701 630 3778 propellerem
652 3719 697 3757 me
719 3712 806 3776 potes,
820 3703 961 3776 puniendo
973 3723 1030 3776 eos,
1045 3705 1092 3778 qui

158 3783 177 3809 ‘⁶
187 3775 222 3832 ad
236 3791 280 3832 rna
293 3777 516 3836 interficiendum
538 3779 638 3844 serrum
659 3791 854 3854 sumpserunt:
881 3782 903 3840 si
918 3781 1032 3842 facinori
1047 3801 1092 3840 eo-
1135 3821 1138 3834 ι
