2620 4200
484 353 587 410 LIBER*
598 347 681 410 XXII.
703 363 762 410 cie.
779 373 833 408 arx.
1083 361 1140 422 20}

168 567 170 572 ,
210 502 308 561 tendit.
348 499 473 560 Dictator
485 511 520 560 etr
539 502 700 560 auctoritate
716 501 830 562 Petrum
851 499 942 558 dictus
965 499 1006 556 M.
1027 500 1138 572 lunius,

211 592 240 638 et
252 581 300 638 Ti.
315 579 493 655 Sempronius
507 582 635 656 magister
647 581 781 656 equitum,
796 579 906 636 delectu
927 578 1028 646 edicto,
1049 580 1140 656 junio-

209 677 253 716 res
273 659 308 715 ab
328 659 407 716 annis
427 659 634 734 septemdecim,
663 671 691 716 et
710 658 843 733 quosdam
864 667 1047 732 pretextatus,
1074 659 1140 717 scri·

209 737 292 794 bunt:
312 747 427 810 quatuor
440 756 475 793 ex
489 737 533 794 his
543 737 667 812 legiones
680 749 708 795 et
721 735 797 794 mille
807 735 914 810 equites
927 735 1027 793 affecti.
1067 735 1140 794 Item

186 815 241 870 aad
256 815 347 871 socios
359 815 543 889 Latinumque
558 834 669 886 nomen,
693 816 728 872 ad
742 815 843 872 milites
857 833 892 870 ox
905 813 1023 870 formula
1036 815 1141 890 accipi·

205 892 301 958 endos,
316 892 430 949 mittunt
440 912 447 962 ;
467 903 562 960 arina,
588 894 652 960 tela,
676 894 730 950 alia
752 893 843 968 parari
854 892 973 967 jubent3
1007 903 1035 950 et
1048 897 1141 950 vetera'

204 968 325 1026 hostium
338 971 425 1046 spolia
445 971 593 1028 detrabunt
611 972 721 1046 templis
743 970 957 1046 porticibusque.
998 969 1035 1028 Et
1058 971 1140 1029 aliam

204 1044 319 1104 formam
333 1049 397 1106 novi
411 1049 536 1106 delectfis
546 1049 640 1125 inopia
661 1049 812 1106 liberorum
836 1050 957 1123 capitum
972 1068 1005 1106 ac
1019 1049 1140 1109 necessi·

204 1132 246 1180 tas
258 1126 335 1183 dedit
344 1139 352 1182 τ’
371 1138 434 1184 octo
447 1127 533 1184 millia
544 1127 678 1202 juvenum
698 1128 850 1184 validorum
872 1145 907 1183 ex
920 1128 1046 1192 servitiis,
1060 1128 1140 1203 prius

173 1215 196 1255 rt
204 1203 378 1262 sciscitantes
390 1205 521 1280 singulos,
546 1206 684 1262 vellentne
707 1205 835 1277 militare,
857 1215 950 1280 empta
969 1206 1080 1280 publice
1097 1225 1139 1263 ar·

203 1291 355 1339 maverunt
396 1283 453 1339 Hic
467 1283 546 1339 miles
561 1285 648 1360 magis
658 1284 771 1360 placuit,
781 1302 866 1358 quum
880 1283 967 1359 pretio
978 1284 1084 1342 minore
1097 1304 1140 1342 re-

203 1357 326 1416 dimendi
340 1361 462 1436 captivos
476 1361 556 1436 copia
568 1361 653 1438 lieret.

239 1509 348 1574 LVIII.
369 1516 499 1596 Namque
513 1519 664 1593 Hannibal,
679 1520 837 1578 secundum*
847 1529 908 1578 tam·
924 1533 1082 1596 prosperam
1103 1517 1138 1579 ad

201 1591 313 1650 Cannas
333 1614 465 1672 pugnam,
487 1597 597 1655 victoris
612 1599 709 1674 magis,
729 1598 815 1672 quim·
833 1598 939 1656 bellum*
950 1601 1081 1674 gerentis,
1096 1600 1139 1656 in·

169 1681 292 1730 retentus
306 1673 499 1748 curis,*quum‚
515 1676 630 1749 captivis
650 1673 792 1751 productis
805 1679 1021 1754 segregatisque,
1037 1678 1137 1752 socius,

200 1750 272 1807 sicut
285 1751 349 1808 ante*
368 1753 403 1808 ad
418 1751 552 1809 Trebiam
567 1754 819 1829 Trasimenumque
840 1756 943 1828 lacum,
960 1757 1083 1830 benigne
1099 1753 1137 1814 al·

199 1827 317 1896 locutus,
330 1829 389 1888 sine
412 1831 500 1905 pretio
521 1831 688 1901 di'misisset3
722 1834 866 1889 Romanus
889 1849 1000 1906 quoque
1023 1843 1137 1890 vocatos

201 1903 283 1982 (quod
297 1923 438 1980 nunquam
452 1907 520 1964 alias
534 1913 628 1985 antea)
651 1911 717 1966 satis
741 1909 801 1966 miti
821 1927 948 1966 sermone
972 1909 1139 1984 alloquitur}

200 1993 218 2019 “
228 1983 292 2040 Non
316 1984 521 2042 interneciuum
543 1987 595 2042 sibi
616 2006 676 2042 esse
699 2006 763 2043 cum
784 1987 918 2042 Romanis
944 1987 1067 2046 bellum:
1100 1990 1136 2045 de

164 2079 189 2119 eu
200 2062 361 2136 “dignitate
375 2073 456 2136 atque
469 2062 587 2135 imperio
601 2075 716 2120 certare.
757 2063 794 2120 Et
807 2075 898 2138 patres
916 2065 1009 2121 uirtuti
1032 2065 1136 2122 Roma·

199 2149 270 2195 “nae
291 2139 424 2206 cessisse3
445 2149 473 2195 et
486 2158 516 2196 se
531 2139 558 2196 id
573 2141 671 2206 anniti,
690 2152 721 2197 ut
734 2161 790 2197 suae
811 2141 931 2200 invicem
953 2143 1034 2200 simul
1049 2143 1136 2200 felici·

198 2216 274 2273 “tati
289 2229 317 2274 et
329 2215 422 2274 virtuti
436 2217 560 2274 cedatur.
601 2217 703 2292 Itaque
710 2220 867 2280 redimendi
887 2238 916 2277 se
930 2221 1046 2295 captivis
1060 2221 1134 2296 copi-

198 2303 270 2351 “am
298 2295 414 2351 facere:
445 2295 563 2370 pretium
591 2295 648 2354 lore
673 2295 703 2352 in
734 2297 834 2370 capita,
860 2297 945 2372 equiti
979 2297 1045 2372 quin
1066 2314 1137 2356 enus·

197 2373 400 2448 “quadrigatos
426 2385 564 2446 nummos,
591 2383 719 2431 trecenos
752 2375 848 2449 pediti,
881 2393 960 2433 servo
991 2317 1134 2434 cenlum.’'

162 2446 373 2525 etQuamquam
388 2451 560 2526 aliquantum
574 2453 755 2528 adjiciebatur
766 2453 904 2528 equitibus
913 2455 947 2510 ad
962 2453 989 2510 id
1003 2455 1131 2529 pretium,

195 2529 266 2602 qnod
293 2529 456 2605 pepigerant
484 2530 620 2587 dedentes
645 2550 696 2600 se;
719 2527 787 2588 ‘laeti
813 2542 906 2588 tamen
927 2551 1130 2608 quamcumque

195 2607 383 2666 conditionem
397 2609 558 2684 paciscendi
572 2620 749 2684 aeceperunt
769 2683 772 2688 Ι
790 2609 901 2666 Placuit
913 2611 1043 2685 suffragio
1062 2611 1132 2687 ipso·

194 2703 255 2740 rum
275 2686 374 2742 decem
397 2687 492 2762 deligi,
512 2687 560 2761 qui
588 2687 709 2744 Romam
738 2689 774 2744 ad
801 2700 928 2746 senatum
954 2688 1044 2746 irent:
1076 2709 1131 2746 nee

194 2761 296 2838 pignus
310 2763 384 2819 aliud
399 2765 473 2832 fidei,
487 2765 569 2838 quam
584 2776 614 2822 ut
624 2766 752 2840 jurarent·
772 2784 802 2823 se
816 2767 961 2835 redituros,
975 2778 1130 2842 acceptum.

162 2839 299 2905 auMissus
322 2860 388 2898 curn
407 2841 450 2898 his
470 2842 601 2899 Carthalo
619 2844 723 2900 nobilis·
739 2844 997 2920 Carthaginiensia·;
1026 2844 1081 2916 qui,
1106 2843 1130 2901 si

194 2915 262 2975 forte
274 2919 309 2975 ad
322 2937 421 2994 pacem
435 2919 602 2977 inclinarent
615 2921 729 2994 animos,
739 2919 1010 2979 conditionesferret.
1031 2920 1130 2982 Quum

193 2997 298 3072 egressi
312 2999 410 3055 castris
423 3010 524 3068 essent,
539 3018 611 3055 unns
624 3017 658 3056 ex
679 3000 722 3074 iis,
743 2999 857 3056 minime
879 2997 1011 3076 Romani¹
1023 2999 1129 3075 ingenii

194 3071 286 3142 homo,
296 3076 370 3134 velut
379 3076 480 3150 aliquid
492 3077 601 3148 oblitus,
613 3077 793 3155 jurisjurandi
813 3077 936 3136 solvendi
948 3077 1032 3134 causti
1042 3096 1129 3152 quum

194 3151 223 3210 in
238 3165 328 3211 castra
341 3153 465 3221 redisset,
480 3165 545 3210 ante
558 3167 668 3213 noctem
682 3158 798 3214 comites
811 3155 972 3230 assequitur.
1012 3155 1067 3216 Ubi
1080 3173 1129 3214 eos

161 3256 186 3297 ω
195 3229 315 3288 Romam
329 3231 424 3290 venire
437 3233 594 3290 nuntiatum
608 3245 659 3302 est,
674 3234 834 3292 Carthaloni
847 3233 956 3292 obviam
970 3233 1049 3292 lictor
1062 3235 1128 3292 mis·-

194 3324 249 3380 aus,
263 3311 308 3384 qui
323 3311 465 3368 dictatoris
478 3311 568 3369 verbis
582 3313 729 3380 nuntiaret,
750 3323 780 3371 ut
801 3322 865 3370 unte
886 3323 997 3372 noctem
1010 3313 1128 3370 excede-

194 3397 237 3444 ret
248 3385 350 3446 iinibus
362 3389 509 3448 Romanis.

232 3541 312 3602 LIX.
332 3543 445 3623 Legatis
458 3547 627 3622 captivorum
641 3559 754 3606 senatus
767 3549 802 3607 ab
822 3545 956 3608 dictatore
979 3549 1060 3606 datus
1073 3558 1124 3606 est.

193 3616 322 3682 Quorum
334 3625 472 3702 princeps,
493 3625 534 3683 M.
548 3625 659 3700 iunius,
681 3637 699 3664 ‘⁴
708 3628 803 3685 Patres
826 3625 1006 3704 conscripti,’'
1026 3625 1124 3702 inquit,

160 3701 570 3780 40“nemonostrl1mignorat,
585 3703 652 3763 nulli
667 3720 788 3780 unquam
802 3705 906 3764 civitati
919 3705 1028 3762 viliores
1038 3703 1124 3762 fuisse

194 3777 354 3857 “captivos
374 3781 457 3858 quam
476 3789 587 3841 nostra.
627 3783 781 3858 Ceterum,
800 3783 855 3843 uisi
876 3779 1032 3859 nobisplds
1049 3783 1125 3860 justu
