2620 4200
195 327 255 387 24⁰
582 323 649 374 't'ffl
664 323 747 374 mvn

197 467 329 539 hostibus,
337 463 418 524 simul
423 483 489 523 oum
494 464 555 522 suis
564 473 728 540 cogerentur
736 477 881 522 conserere
888 479 1003 520 manus:
1016 480 1073 520 non
1081 471 1122 522 to·

196 562 261 602 men
274 545 311 601 ita
323 544 463 619 perculsos
476 543 610 616 iramsque
623 543 652 598 in
666 543 755 600 aciem
769 542 900 615 accepere
911 562 918 609 ;
931 540 991 612 sed,
999 540 1122 600 densatis

194 622 345 693 ordinibus,
357 621 387 678 in
396 639 502 678 cornua
509 619 763 693 vacuumquecirci
774 636 901 692 campum
909 628 987 674 extre
994 615 1122 693 praelium

194 699 311 775 ejecere,
321 717 356 756 ne
364 697 476 772 pavidos
484 697 549 772 fugi
560 697 769 770 vulneribusque
777 696 877 752 milites
886 695 915 752 in
926 705 1031 752 certam
1040 706 1069 752 et
1079 695 1123 752 in·

194 776 396 850 tegramaciem
404 775 560 832 miscerent.
581 773 722 831 Caeterum
730 783 807 830 tauta
816 784 919 846 strage
927 772 1070 830 hominum
1080 776 1157 830 ar-s'

193 871 354 926 morumque
367 852 467 918 locum,
479 852 508 909 in
519 870 574 924 quo
581 861 712 910 steterant
719 848 801 926 pauld
809 849 873 906 ante
884 849 1037 915 auxiliares,
1046 868 1123 906 com·

193 930 322 1004 pleverat,
337 941 367 986 ut
379 932 464 1004 prope
486 929 622 986 difficilior
645 929 774 984 transitus
785 937 871 998 esset,
893 925 975 1001 quim
995 945 1042 1001 per
1054 945 1123 984 oon·

194 1007 276 1064 fertus
299 1008 390 1064 hostes
410 1007 505 1063 fuerat.
545 1005 651 1078 ltaque,
671 1005 718 1079 qui
741 1003 821 1079 primi
841 1013 929 1070 erant,
943 1003 1050 1070 hastati,
1070 1023 1122 1078 per

191 1085 319 1141 cumulos
344 1101 487 1157 corporum
513 1101 703 1158 armorumque
722 1093 751 1139 et
770 1083 862 1139 tabem
884 1080 1034 1156 sanguinis,
1064 1082 1122 1155 quai

190 1154 307 1234 quisque
318 1171 430 1236 poterat,
445 1171 590 1234 sequentes
613 1161 728 1228 hostem,
747 1170 775 1216 et
787 1159 866 1234 signa
885 1169 914 1216 et
925 1158 1035 1216 ordines
1054 1171 1155 1216 con-ro

193 1239 338 1296 fuderunt:
367 1238 522 1312 principum
533 1255 642 1311 quoque
655 1238 735 1312 signa
757 1236 884 1293 fluctuari
905 1246 1054 1310 creparent,
1075 1255 1121 1292 va-

189 1327 333 1390 gemente
346 1334 375 1372 se
394 1315 536 1372 cernendo
551 1315 649 1372 aciem.
688 1315 775 1376 Quod
798 1314 893 1388 Scipio
913 1313 960 1369 ubi
980 1313 1057 1384 vidit,
1077 1333 1120 1370 re·

189 1393 284 1468 captui
296 1393 410 1467 propere
424 1410 524 1448 canere
537 1392 650 1448 hastatis
665 1393 765 1467 jussit:
798 1401 833 1459 et,
857 1390 959 1447 sauciis
976 1389 1005 1446 in
1020 1401 1120 1464 postre-

190 1489 265 1527 mam
279 1471 367 1527 aciem
380 1469 533 1536 subductis,
546 1469 685 1544 principes
707 1469 866 1542 triariosque
880 1468 908 1524 in
922 1485 1026 1524 cornua
1039 1467 1118 1524 indu·

189 1548 249 1615 cit;
281 1566 334 1622 quo
356 1547 439 1605 tutior
459 1546 615 1620 firmiorque
641 1547 732 1604 media
756 1547 923 1603 hastatorum
943 1544 1153 1604 acieaesset.1s

190 1624 234 1682 Ite
247 1644 347 1682 novum
360 1625 395 1681 de
406 1625 517 1699 integro
539 1624 665 1698 proelium
687 1634 776 1681 ortum
790 1633 849 1679 est:
878 1623 978 1696 quippe
992 1622 1027 1678 ad
1040 1641 1120 1678 veros

191 1702 283 1758 hostes
303 1712 462 1775 perventum
484 1712 551 1771 erat,
574 1710 602 1758 et
616 1719 751 1758 armorum
765 1718 877 1773 genere,
890 1710 918 1755 et
931 1718 984 1755 usu
1004 1699 1117 1766 militiae,

186 1787 217 1833 et
231 1777 304 1833 lami
317 1796 407 1834 rerum
424 1787 576 1852 gestarum,
590 1788 617 1832 et
637 1777 826 1852 magnitudine
846 1775 887 1832 vel
908 1777 966 1851 spei
987 1776 1029 1832 vel
1049 1777 1119 1851 peri·

186 1854 245 1910 culi
258 1873 346 1928 parea.
387 1855 442 1909 Sed
455 1864 483 1910 et
496 1872 611 1910 numero
631 1853 776 1911 Romanus
789 1853 992 1929 superiorem,
1012 1864 1041 1910 et
1060 1854 1117 1910 ani-

188 1950 250 2000 rn03
271 1930 343 2006 quod
355 1931 412 2007 jam
425 1930 539 2005 equites,
549 1931 606 2006 jam
619 1931 779 2006 elephantos
793 1930 914 2000 suderat3
941 1932 1009 2008 jam,
1029 1931 1116 2006 primi
1126 1951 1151 1991 au

186 2009 249 2066 acie
262 2009 351 2085 pulsa,
365 2009 393 2065 in
407 2008 557 2065 secundam
571 2010 719 2088 pugnabat.

227 2164 351 2222 XXXV.
379 2165 413 2221 ln
427 2175 549 2239 tempore
563 2164 665 2222 Laelius
678 2185 711 2222 ac
724 2165 881 2232 Masinissa,
902 2165 994 2240 pulsos
1006 2184 1055 2240 per
1069 2164 1117 2222 ali-

184 2253 319 2315 quantum
333 2243 413 2318 spatii
426 2243 514 2299 secuti
527 2243 643 2315 equites,
666 2254 833 2300 revertentes
854 2244 882 2300 in
897 2261 1017 2300 aversam
1033 2243 1117 2299 hosti·

185 2339 235 2376 orn
249 2321 337 2378 aciem
352 2321 499 2378 incurrere.
539 2318 568 2376 Is
581 2321 693 2377 demum
706 2322 829 2395 equiturn
842 2321 959 2395 impetus
972 2320 1042 2376 fudit
1053 2320 1115 2376 hos·

186 2408 251 2454 tera.
292 2397 374 2454 Multi
393 2398 574 2454 circumventi
595 2398 624 2454 in
645 2399 704 2455 acie
718 2399 800 2455 cresi:
821 2398 898 2454 multi
912 2417 960 2472 per
974 2407 1150 2472 patentemm

183 2475 262 2531 circi
275 2494 402 2548 campum
417 2475 481 2549 lugi
501 2475 596 2548 sparsi,
619 2487 731 2533 tenente
749 2476 841 2533 omnia
861 2475 992 2549 equitatu,
1012 2473 1113 2549 passim

184 2551 356 2607 interierunt.
409 2552 680 2626 Carthaginiensium
700 2553 889 2626 sociorumque
912 2571 984 2609 cesa
1008 2571 1041 2609 eo
1066 2551 1112 2606 die

182 2646 268 2701 supra
280 2627 366 2684 millia
386 2627 500 2700 viginti:
533 2646 581 2701 par
603 2628 688 2686 ferme
708 2647 839 2686 numerus
862 2641 958 2704 captus
976 2642 1026 2695 est,
1046 2646 1111 2684 oum

182 2705 272 2780 signis
295 2703 457 2760 militaribus
472 2716 584 2760 centum
605 2706 717 2780 triginta
736 2707 831 2778 tribua,
852 2707 1005 2782 elephantis
1025 2705 1112 2762 uude-

183 2783 249 2840 cim.
280 2783 406 2840 Victores
416 2781 450 2837 ad
461 2781 516 2838 duo
524 2782 751 2840 milliaoeeidere.
778 2783 928 2854 Hannibal,
943 2782 1146 2858 cumpauoisao

181 2861 321 2934 equitibus
347 2860 418 2917 inter
443 2859 589 2916 tumultum
615 2861 731 2936 elapsus,
760 2862 942 2918 Adrumetum
969 2861 1110 2935 perfugit3

157 3003 161 3010 ,
181 2939 277 2994 omnia
295 2949 324 2995 et
343 2938 372 2995 in
393 2936 496 3012 proelio,
526 2947 554 2993 et
575 2949 638 2994 ante
659 2939 756 3007 aciem,
786 2939 942 3013 priusquam
961 2938 1110 2994 excederet

183 3017 288 3088 pugni,
301 3025 448 3090 expertus3
469 3025 505 3082 et,
520 3015 692 3072 consessione
706 3017 788 3073 etiam
812 3015 957 3090 Scipionis,
973 3012 1109 3070 omnium-

182 3109 237 3164 que
249 3093 396 3166 peritorum
411 3091 522 3162 militiae,
536 3091 610 3149 illam
629 3092 738 3150 laudem
761 3093 884 3168 adeptus,
904 3090 1035 3166 singulari
1049 3101 1108 3147 arte

183 3168 271 3224 aciem
285 3188 319 3226 eo
331 3170 375 3226 die
389 3170 557 3226 instruxisse.
597 3169 764 3244 Elephanton
777 3171 805 3226 in
816 3168 903 3244 primi
913 3168 1021 3237 fronte3
1041 3186 1151 3240 quo-ar

182 3262 243 3302 rum
258 3245 384 3302 fortuitus
396 3247 514 3320 impetus
523 3259 607 3320 atque
631 3247 807 3305 intolerabilis
825 3247 873 3311 vis,
887 3246 967 3321 signa
979 3245 1065 3320 sequi,
1079 3255 1108 3301 et

141 3348 147 3356 ·
182 3323 420 3395 servareordines,
435 3323 542 3397 (inquo
555 3324 701 3398 plurimum
719 3324 777 3399 spei
797 3325 942 3402 ponerent)
963 3324 1107 3381 Romanos

171 3401 345 3474 prohiberet.
385 3401 493 3457 Deinde
508 3401 654 3458 auxiliares
676 3412 739 3459 ante
761 3401 1032 3476 Carthaginiensium
1050 3398 1107 3457 aoi-

181 3495 235 3547 em,
249 3497 285 3534 ne
299 3477 423 3533 homines
432 3478 511 3534 mixti
523 3497 560 3534 ex
574 3478 726 3536 colluvione
748 3479 871 3536 omnium
883 3480 1019 3554 gentium,
1038 3495 1106 3552 quos

181 3567 237 3608 non
251 3554 320 3611 fides
332 3565 445 3624 teneret,
460 3555 507 3610 sed
522 3573 638 3621 merces,
652 3556 768 3612 liberum
784 3567 925 3629 receptum
938 3557 1010 3631 fuge
1023 3556 1140 3616 habe-ro

181 3639 258 3684 rent:
286 3631 365 3687 simul
379 3631 495 3703 primum
515 3631 639 3688 ardorem
654 3643 734 3706 atque
747 3633 878 3706 impetum
899 3633 1017 3691 hostium
1030 3630 1106 3691 enoi-

179 3703 289 3778 pientes
302 3708 463 3782 fatigarent3
484 3727 527 3780 ac,
541 3709 564 3766 ri
578 3709 647 3767 nihil
661 3710 743 3780 aliud,
762 3709 920 3766 vulneribus
933 3711 991 3780 suis
1004 3711 1105 3780 ferrura
