2620 4200
436 309 537 357 musa
551 308 655 358 xxvu.
682 321 848 357 caemar.
865 283 868 290 ’
1054 317 1110 394 2.ss

184 449 233 526 qui
245 449 359 507 biennio
371 452 436 508 autb
449 461 572 509 mortuus
584 461 650 508 crat.
681 449 745 508 Hoc
758 449 855 508 eodem
870 466 943 508 anuo
955 458 984 506 et
995 449 1112 509 lustrum

186 527 329 586 conditum
359 537 399 585 est
426 549 442 586 a
469 529 629 586 censoribus
656 529 687 585 P.
716 527 879 603 Sempronio
911 527 1066 586 Tuditano.
1084 543 1113 586 et

187 605 228 665 Μ.
241 606 369 663 Cornelio
382 607 514 682 Cethego.
553 607 646 664 Censa
659 607 759 664 civium
775 606 865 680 capita
888 616 999 662 centum
1017 606 1113 682 trigin-

186 694 215 741 ta
228 694 331 758 septem
345 685 437 752 millia,
452 695 563 741 centum
577 696 605 742 et
617 694 696 743 octo:
717 684 805 740 minor
819 682 957 758 aliquanto
970 681 1111 754 numerus,

166 760 266 836 cqudm
286 762 331 835 qui
354 774 417 819 ante
441 763 543 819 bellum
556 763 652 819 luerat.
693 761 735 819 Eo
748 779 821 817 anno
846 759 983 838 [primurm
1005 780 1113 835 exque

186 839 326 896 Hannibal
340 840 368 895 in
384 841 492 897 Italiam
506 839 795 974 venissetpzcornitium
808 849 913 895 tectum
926 857 998 910 esse,
1011 857 1114 896 merno-

184 917 231 972 riae
251 917 388 990 proditum
412 929 461 984 est,
482 928 510 974 et
522 918 601 974 ludos
653 935 767 974 omanos
789 917 873 972 semel
895 917 1058 974 instauratos
1078 917 1113 973 ab

151 993 309 1050 *edilibus
322 995 463 1052 curulibus
474 995 513 1056 Q.
530 995 642 1052 Metello
656 1007 684 1052 et
697 996 729 1052 C.
745 994 878 1062 Servili03
906 1004 934 1050 et
947 994 1061 1070 plebejis
1074 995 1114 1051 lu-

164 1128 170 1138 ,
185 1072 227 1128 dis
240 1071 354 1128 biduum
369 1075 548 1131 instauratum
569 1075 604 1130 ab
622 1072 661 1133 Q.
674 1071 799 1129 Mamilio
822 1083 850 1129 et
870 1071 910 1128 M.
925 1073 1039 1130 Caecilio
1053 1069 1123 1130 Me·'

156 1143 170 1228 ’ξ
184 1149 248 1205 tello
262 1149 386 1207 aedilibus
399 1152 494 1226 plebis.
535 1151 572 1208 Et
584 1152 636 1208 tria
649 1152 729 1226 signa
742 1151 775 1206 ad
795 1149 904 1207 Cereris
927 1150 1011 1206 iidem
1031 1151 1114 1208 dede·
1148 1167 1152 1175 '

164 1277 170 1289 ,
186 1239 267 1283 runt:
287 1237 314 1283 et
327 1228 402 1286 lovis
415 1230 527 1304 epulum
541 1229 592 1285 luit
604 1229 731 1285 ludorum
744 1228 837 1284 causd.
877 1227 1060 1284 Consulatum
1073 1229 1114 1285 in·

152 1293 171 1366 Ξ
185 1305 220 1360 de
234 1305 330 1361 ineunt
342 1306 377 1363 0.
391 1308 525 1364 Claudius
546 1306 622 1364 Nero
644 1318 672 1362 et
685 1306 725 1362 M.
741 1306 834 1363 Livius
852 1306 961 1372 iterum,
974 1307 1030 1378 qui,
1049 1307 1115 1382 quia

157 1380 171 1450 ἦ
183 1381 239 1457 jam
254 1382 388 1458 designati
402 1385 556 1458 provincias
569 1385 655 1441 sortiti
668 1394 755 1455 erant,
779 1394 907 1458 pretores
928 1384 1017 1440 sortiri
1027 1384 1115 1459 jusse-

152 1453 256 1516 Erunt.
307 1461 340 1517 G.
356 1462 474 1519 Hostilio
494 1463 598 1518 urbana
616 1463 726 1519 evenit:
748 1461 841 1518 addita
860 1462 1062 1536 et-peregriua,
1084 1473 1115 1520 ut

154 1547 239 1593 rstres
260 1539 288 1596 in
315 1540 470 1614 provincias
499 1540 573 1596 exire
602 1550 730 1615 possent:
763 1539 799 1595 A.
828 1539 946 1596 Hostilio
976 1541 1114 1608 Sardinia,

185 1616 217 1672 C.
232 1616 355 1673 Mamilio
369 1617 473 1687 Sicilia,
485 1618 519 1675 L.
533 1618 631 1675 Porcio
643 1618 734 1674 Gellia
751 1616 851 1674 evenit.
892 1618 1009 1674 Summa
1028 1615 1114 1693 legio-

167 1712 251 1757 xnum
263 1694 345 1750 trium
359 1705 387 1750 et
401 1695 496 1770 viginti
510 1696 549 1751 ita
561 1714 610 1770 per
629 1695 783 1770 provincias
803 1695 899 1766 divisa,
913 1705 944 1752 ut
956 1696 1029 1751 binae
1048 1715 1115 1753 con·
1151 1705 1154 1712 ’

184 1771 272 1828 sulum
286 1782 396 1840 essent3
422 1783 536 1847 quatuor
550 1772 686 1848 Hispania
700 1773 832 1839 haberet;
858 1783 913 1829 tres
932 1784 1061 1846 praetores
1075 1773 1114 1830 bi-

183 1867 243 1920 nas,
257 1849 285 1905 in
301 1850 405 1919 Sicilid,
420 1851 448 1906 in
463 1851 601 1922 sardinii,
615 1860 643 1908 et
656 1851 763 1924 Gallim
788 1851 857 1906 duas
870 1850 903 1906 C.
918 1849 1069 1908 Terentius
1083 1851 1113 1908 in

151 1925 315 1994 mEtrurid;
347 1927 415 1983 duas
436 1927 476 1988 Q.
497 1927 611 1984 Fulvius
630 1929 659 1984 in
679 1928 812 1995 Bruttiis3
842 1928 911 1983 duas
924 1926 964 1987 Q.
978 1929 1114 1985 Claudius

185 2004 260 2060 circa
273 2003 427 2060 Tarentum
441 2015 469 2060 et
482 2005 667 2072 Sallentinum
688 2023 771 2062 unam
786 2005 819 2059 C.
834 2003 969 2060 Hostilius
983 2005 1113 2061 Tubulus

185 2080 288 2156 Capuae
297 2102 304 2150 ;
326 2083 386 2138 duae
401 2082 512 2139 urbanae
526 2092 555 2138 ut
569 2083 762 2138 scriberentur.
802 2080 901 2138 Primis
919 2091 1033 2154 quatuor
1046 2083 1114 2158 legi·

184 2160 283 2216 onibus
296 2160 412 2235 populus
425 2160 549 2217 tribunos
568 2160 689 2216 creavit:
719 2160 748 2215 in
762 2170 875 2216 ceteras
893 2159 1020 2216 consules
1033 2161 1113 2216 mise·

184 2245 257 2294 runt.
779 2252 788 2268 ·

153 2412 177 2452 ts
222 2393 379 2452 XXXVII.
400 2394 571 2469 'Priusquam
585 2393 713 2451 consules
732 2392 981 2468 proficiscerentur,
1002 2411 1113 2452 novem·
1141 2467 1144 2472 ,

184 2470 256 2528 diale
276 2492 384 2528 sacrum
410 2472 470 2544 fuit,
490 2472 555 2546 quia
574 2471 651 2547 Vejis
670 2473 705 2528 de
734 2471 805 2528 coelo
826 2471 1001 2546 lapidaverat.
1054 2473 1113 2540 Sub

185 2550 266 2605 unius
285 2550 401 2626 prodigii
423 2550 466 2629 (ut
491 2551 534 2628 fit)
556 2551 732 2618 mentionem,
759 2549 812 2605 alia
838 2567 945 2623 quoque
965 2550 1091 2607 nuntiata
1103 2570 1111 2621 ;

118 2661 120 2670 ι
184 2625 334 2684 Minturnis
348 2629 435 2685 aedem
459 2627 534 2684 lovis
554 2637 582 2684 et
601 2628 695 2684 lucum
716 2627 839 2699 Maricae,
860 2627 925 2684 item
940 2628 1038 2684 Atellae
1052 2627 1119 2690 mu·'

184 2722 246 2760 rum
266 2715 293 2762 et
318 2717 431 2780 portam,
451 2706 486 2762 de
506 2705 577 2762 crelo
595 2715 677 2762 tacta.
730 2704 945 2772 Minturnenses,
965 2699 1112 2763 terribilius

153 2782 257 2855 acquod
270 2791 350 2852 esset,
362 2783 536 2856 adjiciebant,
550 2783 692 2858 sanguinis
705 2783 792 2840 rivum
806 2783 921 2857 inportat
934 2781 1046 2839 fluxisse
1056 2802 1073 2849 ε,
1084 2798 1127 2854 et·¹
1179 2841 1183 2854 ,Ἰ

177 2859 288 2933 ·Capuae
308 2859 396 2933 lupus,
420 2870 500 2916 nocte
519 2870 624 2934 portam
647 2861 796 2935 ingressus,
819 2860 929 2936 vigilem
950 2860 1112 2916 laniaverat.

185 2936 257 2997 Haec
279 2947 423 3011 procurata
449 2937 542 2993 hostiis
568 2937 715 3011 majoribus
744 2937 876 3012 prodigia,
903 2946 930 2992 et
950 2937 1112 3010 supplicatio

186 3013 259 3072 diem
273 3033 359 3071 unum
373 3015 423 3071 fuit
436 3034 471 3072 ex
484 3015 595 3071 decreto
607 3015 783 3089 pontificum:
811 3015 876 3071 inde
890 3015 988 3071 iterum
1001 3033 1112 3072 uorem-

186 3090 257 3148 dinle
271 3093 460 3165 instauratum,
473 3090 544 3166 qudd
558 3092 587 3149 in
601 3093 764 3150 Armilustro
786 3093 922 3166 lapidibus
944 3092 1032 3149 visum
1053 3094 1112 3168 plu·

154 3188 242 3228 acere.
281 3170 422 3227 Liberatus
435 3171 567 3244 religione
581 3181 687 3227 mentes
707 3171 826 3228 turbavit
838 3188 932 3226 rursus
945 3171 1109 3244 nuntiatum,

188 3245 342 3305 Frusinone
356 3249 488 3306 infantem
504 3258 597 3304 natum
611 3267 671 3304 esse
685 3248 826 3321 quadrimo
839 3267 949 3322 parcm;
969 3267 1023 3306 nec
1035 3269 1110 3326 mag-

187 3324 311 3383 nitudine
325 3336 380 3382 tam
394 3327 557 3396 mirandum,
580 3325 663 3399 qudam
676 3323 747 3400 quod
762 3325 784 3381 is
797 3343 913 3399 quoque,
927 3337 957 3383 ut
970 3327 1108 3384 Sinuessae

188 3400 299 3460 biennio
313 3403 385 3474 ante,
399 3404 527 3473 incertus,
542 3421 600 3460 mas
613 3422 648 3460 au
662 3403 774 3459 soemina
787 3414 866 3473 esset,
881 3414 1034 3461 natuscrat.
1075 3403 1109 3459 Id

189 3479 252 3536 verb
267 3483 413 3556 aruspices,
427 3500 462 3538 ex
477 3481 587 3538 Etruria
599 3481 690 3548 acciti,
705 3479 806 3536 loedum
820 3499 854 3536 ac
863 3492 941 3557 turpe
954 3481 1109 3558 prodigium

157 3555 297 3626 todicere:
316 3575 450 3617 extorrem
466 3577 532 3634 agro
544 3558 681 3626 Romano,
704 3559 797 3633 procul
811 3569 889 3614 terrae
903 3567 1040 3624 contactu,
1054 3558 1109 3616 ulto

189 3637 376 3710 mergendum.
415 3639 516 3694 Vivum
531 3636 559 3692 iu
579 3652 670 3700 arcam
684 3636 841 3711 condidere,
855 3647 1065 3722 provectumque
1080 3635 1108 3692 in

174 3731 263 3788 ¹¹utare
276 3715 455 3789 projecerunt.
486 3715 639 3850 {iporevbre
652 3715 718 3772 item
731 3714 883 3795 pontifices,
897 3725 927 3770 ut
939 3713 1057 3787 virgines
1067 3724 1108 3770 ter
