2620 4200
169 358 227 420 220
549 353 615 404 τιτι
631 353 712 402 crvrr

170 499 258 570 factis,
272 497 343 556 inter
356 496 463 553 mitiora
473 495 530 570 jam
544 495 686 553 hominum
708 494 841 552 transibat
864 495 983 571 ingenia.
1023 497 1102 557 Invi-0

170 579 243 636 citati
256 593 374 649 namque
388 586 469 631 antea
490 574 662 663 alienigenis,
684 588 736 629 nec
750 574 842 630 videre
855 574 906 649 ipsi
920 576 1053 633 advenam
1064 579 1099 634 in

170 659 219 712 sul
233 657 302 711 terra
317 653 428 722 assueti,
450 653 526 708 omni
547 651 642 726 generi
666 651 786 708 humano
808 652 983 709 insociabiles
1000 665 1102 712 erant

169 743 197 790 et
216 732 336 806 primd'
330 731 427 806 ignari,
449 731 503 805 qud
524 730 627 787 Poenus
646 740 781 803 pergeret,
812 749 875 786 suas
894 749 975 806 rupes
995 751 1100 808 suaque

169 810 290 874 castella,
321 821 348 866 et
367 825 497 884 pecorum
530 808 725 880 hominumque
751 807 872 881 predam
898 809 953 882 peti
973 811 1099 867 credide·
1121 831 1152 871 ⁵.

168 898 248 946 rant:
281 887 354 944 fama
367 887 468 944 deinde
481 886 581 943 Punici
607 886 679 952 belli,
703 904 757 973 quo
778 886 973 943 duodecimum
994 907 1097 946 annum

167 965 249 1023 Italia
270 966 407 1035 urebatur,
432 965 497 1021 satis
517 965 674 1028 edocuerat,
696 963 767 1019 viam
786 963 893 1020 tantum
912 965 999 1040 Alpes
1018 983 1099 1022 esse.

168 1045 238 1101 duas
260 1043 420 1118 praevalidas
442 1045 532 1109 urbes,
556 1061 657 1116 magno
678 1041 748 1098 inter
768 1061 797 1097 se
812 1043 894 1098 maris
914 1053 1099 1118 terrarumque

167 1122 255 1197 spatio
267 1122 409 1190 discretas,
430 1122 464 1177 de
485 1121 600 1195 imperio
613 1129 640 1176 et
659 1120 757 1194 opibus
779 1132 893 1177 certare.
935 1121 986 1176 He
1007 1139 1099 1178 causa

168 1210 332 1274 aperuerant
353 1200 439 1274 Alpes
466 1198 642 1255 Hasdrubali.
695 1198 844 1263 Ceterum,
868 1199 939 1271 quod
959 1199 1137 1258 celeritatem

167 1278 274 1334 itineris
287 1278 441 1352 profectum
454 1288 522 1344 erat,
537 1278 565 1332 id
576 1295 652 1332 mora
672 1276 706 1331 ad
721 1276 901 1342 Placentiam,
920 1277 986 1332 dum
1000 1278 1101 1334 frustra

167 1356 274 1414 obsidet
300 1356 388 1430 magis
408 1356 489 1429 quam
502 1365 650 1430 oppugnat,
671 1355 801 1428 corrupit.
840 1353 1004 1411 Crediderat
1025 1373 1101 1412 cam·

164 1434 265 1510 pestris
277 1434 370 1508 oppidi
385 1433 493 1489 facilem
494 1432 743 1507 expugnationem
766 1449 847 1488 esse:
873 1443 901 1487 et
914 1432 1041 1490 nobilitas
1054 1451 1100 1490 co·

167 1511 248 1570 loniae
262 1512 408 1568 induxerat
420 1530 494 1577 eum,
509 1529 640 1585 magnum
655 1529 684 1565 se
704 1510 827 1566 exscidio
849 1510 909 1584 ejus
923 1510 998 1566 urbis
1016 1522 1098 1568 terro·

165 1608 225 1647 rern
240 1589 348 1647 caeteria
361 1601 450 1646 ratum
473 1589 649 1664 injecturum.
690 1588 784 1644 Non
778 1607 866 1662 ipsum
890 1588 978 1644 solum
999 1607 1133 1688 saep-15

165 1655 299 1756 pug'natio
312 1668 455 1742 impediit3
485 1667 534 1724 sed
557 1665 743 1723 Hannibalem
747 1677 829 1740 ,post
852 1665 952 1721 lamam
971 1666 1099 1724 transitus

165 1745 226 1818 ejus
239 1745 316 1800 tantd
330 1763 402 1818 spe
392 1748 439 1801 sual
464 1745 634 1809 celeriorem,
658 1744 716 1817 jam
739 1754 895 1800 moventem
919 1763 954 1800 ex
968 1745 1099 1818 hibernis,

165 1821 360 1888 continuerat3
380 1822 480 1910 quippe
494 1831 678 1908 reputantem,
691 1839 746 1876 non
760 1821 852 1877 solum
865 1822 947 1894 quim
968 1823 1042 1879 lenta
1056 1841 1100 1880 ur·

166 1897 243 1956 bium
256 1899 424 1973 oppugnatio
437 1908 518 1964 esset,
534 1898 678 1954 sedetiam
692 1897 795 1971 quam'
788 1917 846 1972 rpse
860 1899 960 1971 frustra
972 1900 1100 1957 eamdem

164 1976 240 2034 illam
254 1977 400 2044 coloniam,
415 1977 449 2032 ab
462 1976 567 2033 Trebia
580 1976 666 2033 victor
679 1994 829 2050 regressus,
844 1979 984 2034 tentasset
1108 1996 1133 2036 aa

204 2133 266 2190 XL.
288 2133 433 2199 Consules,
448 2133 562 2190 dirersis
575 2132 720 2189 itineribus
733 2131 848 2207 profecti
872 2133 907 2188 ab
927 2133 1012 2200 Urbe,
1026 2135 1101 2193 velut

165 2206 196 2270 in
210 2212 265 2269 duo
277 2211 379 2286 pariter
393 2212 465 2268 bella
487 2211 676 2267 distenderant
699 2229 780 2266 curas
793 2210 944 2282 hominum,
964 2212 1046 2268 simul
1060 2231 1101 2270 re-

166 2290 350 2356 cordantium,
378 2307 446 2364 quas
472 2290 576 2364 primus
606 2289 740 2344 adventus
770 2288 937 2345 Hannibalis
964 2289 1100 2348 intulisset

166 2367 257 2426 Italiae
279 2368 388 2436 clades;
421 2368 513 2439 simul,
527 2385 611 2442 quum
632 2365 679 2423 illa
698 2377 813 2442 angeret
832 2377 937 2438 cura,‘
941 2376 1024 2442 ‘quos
1043 2377 1099 2425 tarn
1149 2433 1152 2440 ⁴

88 2513 92 2520 Ι
166 2447 325 2521 “propitios
346 2446 406 2502 urbi
427 2456 507 2519 atque
521 2445 636 2520 imperio
650 2445 706 2501 fore
721 2445 804 2511 Deos,
824 2455 854 2500 ut
866 2446 964 2501 eodem
977 2456 1133 2520 temporess

166 2524 337 2597 “utrobique
352 2543 396 2580 res
410 2523 521 2597 publica
533 2525 663 2598 prospere
677 2534 839 2597 gereretur
830 2525 841 2564 l
881 2523 985 2580 Adhuc
1005 2525 1100 2580 adver·
1155 2537 1158 2544 ’

166 2611 185 2638 “
194 2619 224 2656 sa
237 2601 369 2656 secundis
382 2601 524 2675 pensando
547 2619 606 2656 rem
620 2600 654 2655 ad
679 2599 706 2657 id
720 2611 829 2674 tempus
849 2611 1000 2658 extractam
1021 2619 1097 2658 esse:

144 2685 278 2753 ,⁸‘quum
293 2678 321 2735 in
344 2677 424 2733 Italia
444 2679 479 2733 ad
500 2678 696 2734 Trasimenum
717 2688 745 2733 et
765 2673 878 2734 Cannas
901 2679 1099 2754 praecipiadsset
1169 2691 1175 2706 ‘

166 2764 185 2795 ‘⁸
194 2757 324 2815 Romana
336 2774 388 2824 res
411 2773 540 2830 prospers
560 2755 658 2811 bella'
652 2774 679 2810 ιιι
704 2754 841 2829 Hispania
864 2758 1015 2832 prolapsam
1037 2775 1098 2813 carn

166 2845 185 2872 ‘⁶
194 2835 334 2893 erexisse:
364 2845 468 2908 postea,
488 2851 573 2908 quum
587 2833 615 2889 in
637 2833 775 2908 Hispania
789 2835 842 2890 alia
855 2853 937 2910 super
950 2836 1031 2891 aliam
1045 2835 1134 2893 cla-ao

166 2916 251 2984 “des,
266 2914 373 2970 duobus
396 2912 516 2988 egregiis
533 2911 652 2968 ducibus
673 2912 788 2977 amissis,
813 2913 882 2969 duos
904 2913 1043 2968 exercitus
1064 2927 1100 2969 ex

165 2994 269 3067 “parte
290 2991 418 3057 delesset,
443 2990 529 3046 multa
552 2991 677 3046 secunda
704 2991 732 3046 in
753 2990 833 3046 Italia
854 2991 1003 3062 Siciliaque
1020 3003 1099 3063 gesta

166 3079 347 3142 “quassatam
361 3068 558 3143 rempublicam
582 3069 741 3142 excepisses
760 3078 796 3124 et
820 3068 907 3142 ipsum
925 3066 1097 3123 intervallum

167 3146 256 3216 “loci,
271 3148 343 3221 quod
353 3148 381 3203 in
391 3147 493 3204 ultimis
502 3158 633 3202 terrarum
642 3146 697 3202 oris
707 3145 822 3202 alterum
837 3145 935 3200 bellum
946 3155 1097 3217 gereretur,

167 3225 312 3300 “spatium
323 3225 432 3281 dedisse
443 3225 477 3281 ad
489 3224 688 3299 respirandum.
708 3223 794 3280 Nunc
804 3226 858 3280 duo
869 3223 940 3278 bella
951 3223 978 3278 in
990 3223 1097 3280 ltaliam
1106 3241 1133 3280 aa

168 3312 318 3376 “accepta,
340 3303 395 3359 duo
417 3303 590 3360 celeberrimi
610 3301 730 3363 nominis
750 3304 837 3358 doces
854 3301 1033 3357 circumstare
1054 3319 1099 3358 ur·

167 3383 258 3440 “bem
272 3381 438 3451 Romanam,
453 3392 481 3437 et
493 3399 579 3436 rrnum
598 3380 732 3437 inlocum
755 3392 839 3437 totam
853 3379 968 3453 periculi
987 3379 1098 3447 molem,

168 3471 277 3517 “omne
303 3477 373 3516 onus
399 3459 575 3515 incubuisse:
608 3458 655 3532 qui
676 3477 770 3515 eorum
794 3457 867 3532 prior
887 3458 1004 3527 vicisset,
1026 3457 1101 3514 intra

169 3548 299 3612 “paucos
312 3537 371 3593 dies
389 3548 478 3593 castra
498 3555 562 3594 cum
584 3537 668 3593 altero
686 3535 875 3611 junctarum.'’
914 3535 1051 3592 Terrebat
1070 3545 1098 3592 et

167 3616 307 3692 proximus
321 3633 411 3672 annus
423 3615 548 3690 lugubris
560 3616 677 3671 duorum
695 3615 839 3672 consulum
854 3614 1004 3670 funeribus.
1045 3613 1133 3670 Hism

169 3693 244 3749 anxii
258 3695 332 3750 curis
346 3692 471 3751 homines
484 3693 671 3767 digredientes
685 3693 713 3749 in
731 3693 884 3767 provincias
898 3693 1025 3749 consules
1037 3709 1099 3767 pro-

169 3769 258 3827 secuti
272 3780 343 3829 sunt.
384 3770 527 3827 Memoria
540 3770 676 3844 proditum
690 3781 741 3837 est,
763 3769 876 3846 plenum
896 3771 988 3828 adlruc
1008 3772 1055 3828 ira
1067 3770 1099 3825 in
