2620 4200
159 315 217 378 222
447 321 450 330 v
540 305 607 358 nn
622 303 703 356 nvn

159 457 265 518 socium
284 453 391 518 edocet,
412 469 564 525 quoscum
590 451 624 508 iis
650 449 783 508 mittebat.
836 447 900 524 lpse
920 449 983 508 lnce
1003 449 1092 526 prima

160 535 253 612 copias
265 549 362 590 omnes
382 531 505 604 peditum
519 530 695 604 equitumque
716 529 744 585 iu
759 526 848 584 aciem
861 528 965 587 eduxit.
1005 528 1092 588 Pauld

158 613 221 690 pdst
233 621 261 668 et
273 610 308 666 ab
322 609 480 665 Hannibale
494 609 604 683 signum
617 625 718 682 pugne
732 605 898 680 prepositum
911 617 962 678 est,
977 607 1093 666 clamor·

158 708 211 766 que
232 689 260 745 in
281 687 378 744 castris
398 687 433 742 ad
453 705 529 742 arma
548 685 762 742 discurrentium
785 694 827 739 est
851 684 990 741 sublatus:
1025 687 1091 744 inde

157 785 242 842 eques
256 767 393 852 pedesque
407 765 533 822 certatim
547 763 631 838 portis
644 779 732 828 ruere,
756 779 789 817 ac
803 761 885 835 palati
899 781 948 836 per
961 781 1090 838 campum
1112 777 1127 815 a

156 862 302 922 properare
317 843 352 898 ad
366 844 466 901 hostes.
506 842 587 902 Quos
602 841 648 898 ubi
662 839 763 896 effusos
776 841 872 896 consul
884 841 967 911 videt,
980 842 1091 900 tribuno

156 923 274 980 militnm
289 922 375 978 tertiae
395 921 512 995 legionis
534 921 566 976 C.
581 917 773 991 Aurunculejo
795 917 919 992 imperat,
941 933 971 975 ut
984 920 1089 993 equites

155 999 282 1074 legionis,
297 1010 399 1072 quanto
412 1000 532 1055 maximo
550 999 652 1072 impetu
672 996 767 1070 possit,
788 995 817 1051 in
839 997 944 1052 hostem
964 999 1088 1054 emittat:

157 1088 175 1114 ‘⁶
188 1079 234 1143 ita,
261 1095 392 1152 pecorum
414 1077 495 1132 modo
515 1074 719 1150 incompositos,
745 1082 802 1129 toto
821 1075 921 1148 passim
942 1093 1039 1150 campo
1059 1094 1090 1132 se

156 1165 175 1191 “
187 1155 300 1221 fudisse,
327 1165 357 1210 ut
377 1155 462 1212 sterni
482 1153 632 1227 obterique,
653 1152 810 1226 priusquam
831 1153 1010 1223 instruantur,
1029 1165 1127 1228 pos-ro

139 1233 269 1290 ·“sint.'’

195 1391 290 1448 XLII.
312 1391 444 1448 Nondum
454 1389 595 1446 Hannibal
609 1409 625 1445 e
636 1388 733 1446 castris
744 1388 860 1461 exierat,
870 1407 954 1462 quum
965 1407 1091 1465 pugnan-

156 1471 226 1528 tium
240 1469 387 1526 clamorem
403 1469 524 1526 audivit:
546 1469 645 1542 itaque,
669 1467 776 1522 excitus
788 1467 917 1534 tumultu,
939 1469 1036 1542 raptim
1054 1469 1088 1525 ad

156 1549 263 1605 hostem
276 1549 371 1622 copias
384 1548 448 1622 agit.
489 1547 552 1604 Jam
567 1547 667 1621 primos
687 1555 870 1619 occupaverat
889 1557 1014 1620 equester
1036 1556 1089 1603 ter·

155 1645 217 1684 ror:
247 1626 370 1700 peditum
384 1626 467 1682 etiam
488 1625 577 1700 prima
595 1624 667 1699 legio
681 1633 708 1678 et
728 1624 824 1678 dextra
843 1623 887 1678 ala
901 1624 1025 1697 praelium
1039 1625 1090 1681 ini·
1101 1639 1125 1682 1³

156 1703 232 1760 bant.
274 1704 454 1776 Incompositi
469 1705 569 1772 hostes,
584 1715 614 1758 ut
627 1718 761 1774 quemque
776 1711 823 1756 aut
845 1701 931 1774 pediti
945 1711 993 1758 aut
1005 1703 1090 1775 equiti

156 1797 238 1838 cesus
250 1780 358 1849 obtulit,
384 1780 423 1834 ita
449 1790 598 1835 conserunt
618 1797 726 1834 manus.
768 1778 877 1834 Crescit
890 1797 983 1854 pugna
1002 1779 1090 1836 subsi-

155 1859 218 1924 diis,
233 1868 260 1914 et
274 1857 492 1931 procurrentium
513 1858 548 1912 ad
568 1867 709 1912 certamen·
722 1875 837 1912 numero
858 1867 992 1931 augetur:
1022 1875 1090 1932 pug-

155 1935 413 2010 nantesquelquod
427 1935 479 1990 nisi
501 1935 530 1991 in
544 1945 635 1991 vetere
649 1935 783 2005 exercitu,
797 1946 824 1991 et
837 1935 903 1992 duci
917 1935 1001 1990 reteri
1016 1935 1089 1993 haud

156 2015 237 2072 facile
251 2015 305 2090 est)
330 2013 401 2069 inter
415 2013 561 2072 tumultum
585 2031 618 2068 ac
638 2022 768 2068 terrorem
789 2011 1125 2069 instruxisset'Hanni-er

156 2093 210 2158 bal,
224 2092 252 2148 ni
267 2089 422 2158 cohortium
437 2109 469 2146 ac
493 2091 698 2164 manipulorum·
718 2089 923 2147 decurrentium
937 2109 986 2164 per
1006 2091 1090 2148 colles

156 2169 267 2240 clamor,
288 2169 323 2225 ab
346 2181 424 2244 tergo
451 2169 570 2234 auditus,
597 2179 710 2236 metum,
740 2186 776 2224 ne
804 2168 1090 2226 intercluderentura

157 2247 261 2317 castris,
275 2247 424 2321 injecisset.
465 2247 535 2303 Inde
549 2265 630 2320 pavor
644 2247 781 2311 incussus,
795 2256 823 2302 et
837 2246 902 2320 suga
914 2247 1015 2320 passim
1030 2247 1090 2306 lieri

156 2336 246 2400 coepta
271 2337 331 2382 est:
365 2326 508 2398 minorque
529 2325 619 2381 caedes
640 2324 698 2393 fuit,
729 2325 794 2398 quia
820 2325 1007 2398 propinquitas
1031 2343 1090 2381 cas·

155 2413 256 2459 trorum
273 2403 423 2459 breviorem
439 2404 531 2476 sugam
553 2402 685 2477 perculsis
698 2402 772 2458 fecit.
813 2401 928 2476 Equites
947 2403 1021 2458 enim
1036 2414 1125 2459 ter-ae

155 2499 191 2554 go
205 2481 395 2536 inhaerebant:
416 2481 444 2534 in
458 2492 612 2536 transversa
624 2481 709 2534 latera
728 2480 884 2536 invaserant
898 2482 1032 2550 cohortes,
1047 2499 1089 2537 se·

156 2557 256 2612 cundis
279 2557 394 2612 collibus
420 2558 463 2611 via
493 2559 569 2614 nudie
589 2577 623 2612 ac
643 2556 718 2613 sacili
738 2557 925 2615 decurrentes.
977 2559 1087 2616 Tamen

156 2649 238 2708 supra
250 2644 313 2690 octo
327 2633 413 2688 millia
427 2634 568 2690 hominum
582 2634 694 2700 occisa;
724 2651 805 2706 supra
823 2636 1012 2711 septingentos
1025 2655 1087 2712 cap-

155 2712 193 2769 ti:
222 2712 301 2786 signa
314 2710 442 2768 militaria
455 2729 552 2768 novem
575 2712 720 2784 adempta:
753 2711 894 2786 elephanti
917 2717 1008 2786 etiam,
1022 2733 1088 2788 quo·

154 2809 216 2848 rum
230 2790 321 2846 nullus
336 2809 401 2845 usus
415 2789 443 2844 in
458 2789 602 2863 repentinis
619 2808 655 2845 ac
675 2788 852 2846 tumultuarii
875 2795 968 2866 pugna
989 2793 1086 2860 suerat,
1096 2805 1123 2845 eu

154 2880 270 2943 quatuor
283 2868 377 2937 occisi,
398 2868 452 2924 duo
472 2867 553 2942 capti.
592 2869 691 2924 'Circa
711 2868 877 2942 quingentos
897 2870 1086 2926 Romanorum

155 2948 345 3020 sociorumque
369 2946 486 3018 victores
506 2945 676 3002 ceciderunt.
717 2945 829 3002 Postero
848 2947 893 3002 die
916 2947 1015 3002 Poenus
1028 2948 1086 3019 qui-

155 3024 226 3080 erit:
244 3023 401 3089 Romanus,
416 3025 444 3080 in
460 3024 548 3080 aciem
562 3025 649 3097 copiis
662 3024 779 3088 eductis,
793 3033 935 3098 postquam
944 3023 1085 3085 neminem

154 3101 234 3176 signa
256 3103 351 3158 contra
370 3102 467 3158 efferre
489 3101 565 3168 vidit,
587 3100 749 3176 spolia¹legi
763 3119 895 3158 cesorum
909 3100 1037 3174 hostium,
1058 3112 1086 3159 et

155 3196 265 3235 suorum
281 3199 394 3253 corpora
407 3181 505 3236 collata
528 3180 556 3235 in
574 3199 660 3236 unum
674 3177 782 3253 sepeliri
793 3180 880 3254 jussit.
922 3179 991 3235 Inde
1013 3181 1119 3236 inse-³⁵

130 3302 132 3310 s
154 3256 302 3332 quentibus
315 3258 454 3314 continuis
467 3259 565 3314 diebus
579 3259 680 3332 aliquot
691 3258 731 3313 ita
744 3257 841 3314 institit
853 3257 946 3330 portis,
958 3268 987 3314 ut
1000 3259 1085 3332 prope
1133 3322 1135 3328 ,

155 3336 256 3392 inferre
269 3334 349 3410 signa
362 3335 516 3405 videretur;
546 3337 635 3392 donec
651 3335 790 3391 Hannibal
809 3335 888 3391 tertia
909 3336 1011 3410 vigilia,
1025 3355 1085 3393 cre-

155 3414 210 3470 bris
225 3413 334 3488 ignibus
348 3413 594 3487 tabernaculisque,
615 3432 676 3488 quae
697 3431 759 3487 pars
781 3423 930 3470 castrorum
944 3415 978 3470 ad
992 3415 1085 3471 hostes

155 3492 293 3563 vergebat,
308 3502 336 3546 et
348 3491 479 3547 Numidis
492 3492 598 3565 paucis,
617 3491 662 3564 qui
676 3490 704 3547 in
719 3491 788 3546 vallo
800 3492 937 3565 portisque
951 3511 981 3548 se
993 3504 1084 3560 osten-

155 3568 262 3636 derent,
289 3568 401 3634 relictis
421 3569 560 3642 proiectus
586 3569 716 3642 Apuliam
736 3579 829 3644 petere
849 3569 976 3626 intendit.
1028 3570 1082 3627 Ubi
1091 3579 1121 3628 id

156 3641 253 3707 illuxit,
267 3645 401 3702 successit
414 3645 483 3701 vallo
503 3646 632 3703 Romana
652 3647 742 3702 acies:
770 3655 798 3702 et
819 3645 949 3704 Numidae
963 3667 998 3705 ex
1011 3665 1084 3705 com·

157 3719 244 3792 posito
257 3724 392 3797 paulisper
413 3722 440 3778 in
461 3723 546 3797 portis
566 3742 595 3782 se
608 3724 732 3798 valloque
745 3725 931 3795 ostentavere3
952 3725 1084 3784 frustrati·
