2620 4200
176 321 234 382 uos
564 320 631 370 τιτι
647 321 729 370 mvn

176 465 234 520 “se
247 463 281 520 ad
296 460 404 520 Poenos.
438 461 573 538 Capuam,
586 463 659 538 quod
673 472 765 538 eaput,
776 481 832 520 uon
841 462 1002 539 campanie
1012 461 1106 532 moriri,

176 544 196 579 “
203 541 261 607 sed,
274 550 335 614 post
348 539 477 596 afflictam
491 558 548 596 rem
573 540 729 598 Romanam
744 541 886 598 Cannensi
899 542 1002 618 pugni,
1017 540 1108 598 Itaiim-

175 617 246 684 “sit,
261 617 413 674 Hannibali
427 635 457 674 se
471 617 624 674 tradidisse.
652 619 705 676 Pro
716 620 759 675 his
771 619 854 676 tantis
866 630 959 694 totque
973 619 1109 686 victoriis,-

174 699 297 752 “verum
310 713 381 766 esse,
394 706 488 774 grates
499 694 568 751 Deis
582 691 780 753 immortalibus
793 697 841 774 agi
852 696 1027 772 haberique.'’
1059 723 1062 728 ’

211 849 281 907 XII.
314 851 361 908 Ad
384 851 467 909 fidem
487 851 590 909 deinde
609 863 665 910 tarn
684 854 808 910 latarum
829 869 929 924 rerum,
950 853 1055 911 effundi
1075 853 1103 912 in
1125 869 1147 911 a·

162 929 308 986 =vestibulo
330 930 416 986 ouriae
434 930 516 1005 jussit
536 931 652 988 annulos
672 949 784 1000 aureos;
817 931 864 1006 qui
878 941 970 989 tantus
990 950 1104 990 acervus

172 1005 233 1074 suit,
248 1019 285 1078 ut,
307 1009 485 1064 metientibus
504 1008 652 1064 dimidium
670 1024 756 1084 super
771 1021 827 1066 tres
846 1009 953 1067 modios
972 1011 1109 1084 explesse,¹

172 1082 228 1140 sint
241 1085 353 1159 quidam
367 1097 500 1143 auctores.
541 1085 629 1142 Fama
648 1088 746 1153 tenuit,
767 1106 828 1161 quas
847 1087 956 1162 propior
976 1106 1040 1144 vero
1053 1099 1103 1155 est,

171 1161 246 1219 haud
261 1163 322 1238 plus
335 1163 419 1220 fuisse
433 1164 534 1222 modio.
574 1165 689 1240 Adjecit
700 1165 801 1222 deinde
815 1165 915 1232 verbis,
929 1164 982 1239 qui>
995 1165 1111 1240 majoris

171 1239 259 1296 eladis
270 1241 405 1298 indicium
418 1253 500 1308 esset,
515 1243 665 1314 neminem,
687 1243 740 1300 nisi
754 1242 885 1318 equitem,
909 1253 989 1317 atque
1009 1262 1105 1300 eorum
1117 1259 1156 1322 ιο)

172 1316 294 1393 ipsorum
308 1319 451 1394 primores,
462 1320 490 1376 id
503 1339 599 1394 gerere
612 1322 664 1378 insi
686 1340 729 1378 ne.
771 1323 886 1378 Summa
900 1320 951 1378 suit
964 1320 1103 1389 orationis,

171 1399 192 1432 ‘⁶
202 1394 270 1484 §tub
284 1395 394 1472 propiis
407 1416 483 1487 spem
493 1398 562 1456 belli
575 1341 737 1473 perfioigendi
750 1399 794 1467 sit,
816 1398 850 1457 eb
864 1399 952 1474 magis
965 1399 1040 1456 omni
1046 1418 1105 1488 ¹ope

171 1475 191 1510 “
198 1475 353 1549 juvandum
367 1475 554 1532 Hannibalem
568 1495 646 1533 esse:
673 1477 768 1552 procul
782 1477 856 1534 enirn
871 1478 906 1534 ab
919 1478 1002 1534 domo
1015 1477 1106 1534 mihti-

132 1567 133 1574 *
172 1554 191 1588 “
203 1569 247 1608 am
261 1571 332 1620 esse,
347 1553 376 1610 in
390 1555 481 1611 media
496 1553 614 1610 hostium
628 1557 718 1611 terri:
752 1573 881 1630 magnam
895 1556 950 1612 vim
964 1555 1112 1627 frumenti‚-‘

135 1691 140 1712 „
169 1632 191 1668 “
201 1630 338 1704 peeuniae,
350 1631 475 1688 absumi:
488 1642 517 1688 et
525 1642 564 1688 tot
575 1633 658 1700 acies,
670 1643 700 1689 ut
710 1633 829 1690 hostiurn
841 1633 978 1690 exereitus
989 1633 1104 1706 delesse,
1115 1649 1139 1688 15

147 1723 155 1740 ‘
171 1708 190 1741 “
201 1705 242 1764 ita
253 1708 369 1765 victoris·
384 1709 468 1765 etiarn
492 1710 586 1783 copias
608 1721 684 1783 parte
706 1711 796 1784 aliquit
810 1711 951 1768 minuisse.
992 1711 1110 1768 Mitteu»r

170 1783 266 1838 “dum
281 1784 364 1860 igitar
378 1786 600 1860 supplementum
622 1806 694 1858 esse,
716 1788 879 1846 mittendam
893 1789 923 1846 in
936 1789 1110 1864 stipendium:

170 1861 357 1935 “pecnniarn,
385 1862 619 1937 numentumque,
644 1875 699 1921 tarn
721 1866 791 1922 bene
812 1867 917 1924 meritis
938 1869 972 1924 de
993 1867 1105 1924 nomine

170 1941 189 1976 “
199 1937 307 1998 Punico
320 1941 483 1998 militibus.”
524 1943 685 1999 Secundum
707 1943 767 2000 haee
790 1943 868 2002 dieta
885 1945 1016 2020 Magonis
1036 1945 1106 2001 lastis

168 2017 307 2088 omnibus,
329 2018 462 2086 Hi'rnileO,
487 2019 527 2075 vir
540 2020 668 2077 factionis
682 2021 820 2090 Barcinae,
843 2022 935 2078 lucum
957 2023 1139 2080 Hannonisao

167 2091 333 2168 increpandi
346 2115 407 2150 esse
421 2106 505 2158 ratus,
520 2103 538 2130 ‘⁶
546 2097 685 2172 Quiduest,
696 2099 801 2152 Hanno
812 2099 823 2152 l
833 2097 851 2123 ’⁹
865 2097 970 2166 inquit:
992 2103 1011 2132 “
1022 2097 1106 2152 etiam

168 2170 273 2227 “nune
299 2170 416 2246 poenitet
441 2169 505 2225 belli
526 2169 646 2243 suseepti
668 2170 798 2226 adversus
818 2169 980 2227 Romanos?
1032 2167 1106 2225 Jube
1177 2178 1185 2187 “

168 2247 261 2305 “dedi
277 2247 482 2306 Hannibalem:
503 2247 606 2304 retain
621 2258 676 2303 tam
691 2247 826 2322 prosperis
840 2247 924 2304 rebus
939 2256 1031 2322 grates
1046 2247 1108 2304 Diis

168 2326 397 2387 “immortalibus
410 2327 455 2403 agi
464 2346 473 2384 «ε
495 2327 640 2384 audiamus
653 2325 813 2382 Romanurn
827 2335 981 2382 senatorem
996 2325 1025 2381 in
1040 2325 1107 2382 Car-

163 2405 188 2444 -“
196 2397 418 2481 thagiuiensium
429 2405 534 2462 ouria?
575 2403 655 2461 Tum
666 2403 773 2460 Hanno
782 2423 793 2460 ι,
808 2405 828 2438 “
837 2402 1003 2460 Tacuissem
1014 2403 1106 2470 hodie,
1116 2416 1145 2456 aa

169 2484 189 2520 “
199 2482 296 2539 Patres
315 2483 477 2558 conscripti,
498 2501 534 2539 ne
553 2483 635 2557 quid,
650 2483 683 2539 in·
700 2481 841 2540 communi
855 2481 979 2539 omniurn
995 2480 1106 2557 gaudio,

169 2562 189 2598 “
198 2559 294 2616 minus
306 2559 400 2616 laetum
414 2560 488 2633 quod
502 2570 575 2616 esset
587 2561 673 2632 vobis,
687 2561 830 2634 loquerer;
851 2579 928 2616 nune
939 2560 1108 2633 interrogari·
1125 2569 1128 2578 ’
1156 2623 1157 2628 ¹

169 2637 218 2695 “ti
232 2636 360 2706 senatori,
386 2635 555 2712 poeniteatne
581 2648 625 2693 me
646 2639 738 2694 adhue
758 2637 879 2712 suscepti
899 2639 1028 2695 adversus
1048 2635 1107 2692 Ro-

169 2720 189 2755 “
199 2717 296 2773 minos
316 2714 391 2785 belli,
406 2713 429 2770 si
444 2713 584 2781 reticeam,
599 2725 647 2770 aut
670 2715 812 2788 superbus
826 2725 874 2772 aut
885 2716 1019 2773 obnoxius
1032 2712 1107 2769 vide-

170 2800 248 2864 “ar;
268 2811 384 2868 quorum
399 2792 514 2850 alterum
538 2802 579 2849 est
601 2793 720 2850 hominis
743 2792 840 2850 alienae
863 2793 997 2851 libertatis
1018 2791 1144 2862 oblitam

140 2937 148 2947 ,
170 2871 316 2930 “alterum
329 2891 396 2929 suae.
436 2871 634 2945 Respondeam
648 2871 731 2946 igitur
746 2871 909 2940 Himilooni‚
931 2889 987 2928 non
1000 2871 1112 2927 riesisse·

171 2958 190 2994 “
199 2951 333 3026 poenitere
347 2969 391 3007 me
406 2949 480 3015 belli,
494 2967 585 3022 neque
598 2949 751 3006 desiturum
766 2949 829 3006 ante
840 2949 972 3007 invictum
986 2958 1111 3003 vestrum

171 3036 192 3071 ‘⁴
201 3029 393 3102 imperatorem
408 3028 545 3093 incusare,
574 3025 657 3100 quarn
668 3027 775 3083 linitum
790 3027 881 3101 aliqua
894 3024 1026 3088 tolerabili
1041 3042 1111 3080 con-

172 3105 304 3162 “ditione
318 3105 421 3163 bellurn
434 3105 544 3162 videro:
566 3123 620 3161 neo
633 3104 701 3160 mihi
715 3103 792 3178 paeis
805 3105 923 3177 antiquae
936 3101 1105 3159 desiderium

173 3182 258 3240 “ulla
279 3183 334 3239 alia
354 3202 408 3255 res,
426 3182 510 3257 quam
535 3201 589 3258 pax
612 3201 690 3252 nova,
715 3181 801 3239 liniet.
841 3181 941 3255 Itaque
963 3181 1025 3252 ista,
1045 3193 1145 3254 queas

173 3258 282 3318 “modii
313 3259 398 3335 Mago
423 3261 544 3336 jactavit,
572 3259 726 3325 Himilconi
753 3258 913 3332 ceterisque
940 3258 1107 3316 Hannibalis
1144 3311 1148 3316 .

162 3351 193 3410 ¹‘t
202 3336 365 3397 satellitibus
378 3339 440 3413 ‘jam
460 3339 523 3395 leta
542 3348 622 3396 sunt:
653 3339 722 3395 mihi
741 3347 855 3413 possunt
867 3337 931 3394 laeta
948 3355 1019 3408 esse,
1042 3334 1112 3411 quia-

73 3457 76 3465 ι
174 3431 246 3476 “res
259 3415 331 3473 bello
344 3415 416 3474 bene
430 3428 523 3492 gestae,
539 3417 562 3473 si
575 3415 699 3473 volumus
722 3415 832 3482 fort—unit
845 3415 895 3482 uti,
916 3434 1013 3490 paoem
1026 3413 1113 3471 nobis·

175 3495 352 3570 aequiorem
372 3495 493 3553 dabunt:
526 3513 591 3551 nam
616 3494 642 3550 si
660 3494 893 3570 pretermittimus
916 3495 968 3551 hoe
988 3505 1106 3567 tempus,
1139 3549 1143 3554 .

140 3613 143 3622 ·
175 3587 260 3647 “quo
273 3571 361 3648 magis
385 3574 452 3630 dare
472 3571 559 3647 quiam
581 3571 707 3648 aeeipere
731 3591 875 3648 possumus
896 3571 982 3629 videri
999 3584 1145 3646 paoem5u

176 3665 308 3718 «vereor,
323 3669 359 3708 ne
372 3650 433 3708 haee
447 3669 556 3724 quoque
568 3649 662 3708 letitia
683 3651 802 3708 luxuriet
815 3650 903 3718 nobis,
917 3669 954 3707 ae·
964 3669 1035 3708 vana
1046 3665 1113 3706 eva·

176 3729 258 3786 udat.
297 3728 373 3790 Quae
386 3737 480 3786 tamen
492 3747 569 3786 nuno
582 3746 688 3803 quoque
699 3728 789 3803 qualis
798 3729 861 3786 esti
898 3729 1114 3808 ‘Oeaitlieaer-
1152 3793 1155 3806 Ι
