2620 4200
168 342 229 406 224
569 335 734 392 nrrrurvtr

171 502 246 550 ruam
259 491 415 550 maumam
445 482 583 540 delectum
602 483 703 542 Rome
723 483 859 550 habeaut3
886 479 1037 538 exercitum
1054 492 1101 558 ur·

171 563 275 622 bonum
289 562 324 620 ad
337 561 471 618 Narniam
495 561 566 618 busti
585 572 733 635 opponant.
774 561 844 618 llaec
863 559 971 616 senatui
988 557 1101 632 scripta.

172 639 310 700 Praemissi
324 638 388 695 item
403 657 450 714 per
464 657 559 713 ugrum
573 639 741 706 Larinatem,
764 638 962 706 Marrucinum,
986 635 1103 692 Frenta-

172 737 250 784 num,
265 715 471 783 Praetutianum,
485 719 537 790 qud
549 717 702 773 exercitum
722 717 855 772 ducturus
873 726 940 780 erat,
962 724 991 772 ut
1004 731 1104 770 omnes

172 812 207 854 ex
220 789 293 869 agris
306 793 473 867 urbibusque
487 807 655 851 commeatus
668 806 775 868 paratos
793 793 871 850 militi
884 793 919 848 ad
933 792 1102 848 vescendum
1124 802 1139 844 o

173 873 203 930 in
217 873 290 930 viam
312 871 459 940 deferrent,
480 890 565 944 equos
588 872 767 946 jumentaque
787 872 841 926 alia
859 871 1049 944 producerent,
1070 878 1104 925 ut

172 950 361 1008 vehiculorum
375 949 454 1005 sessis
473 949 553 1022 copia
572 963 652 1004 esset
693 949 756 1023 Ipse
770 949 804 1004 de
824 960 880 1005 toto
899 947 1022 1004 exercitu
1035 946 1103 1002 ciri.

174 1044 222 1086 una
235 1028 435 1100 sociorumque,
448 1027 519 1098 quod
534 1027 638 1082 roboris
650 1039 718 1097 erat,
741 1027 852 1100 delegit,
866 1041 915 1082 sex
929 1023 1014 1080 millia
1025 1023 1106 1098 pedi«
1169 1055 1176 1062 ·

175 1117 243 1176 turn,
269 1105 343 1163 mille
372 1104 496 1176 equites:
528 1105 694 1177 pronuntiat,
720 1122 856 1178 occupare
882 1122 911 1158 se
932 1103 960 1158 in
981 1101 1105 1174 lncanis
1132 1161 1135 1172 ,

174 1183 326 1260 proximam
340 1181 436 1238 urbem
449 1181 639 1254 Punicumque
653 1182 682 1238 in
696 1185 728 1237 ed
741 1181 897 1256 praesidium
912 1180 997 1247 velle;
1025 1189 1056 1235 ut
1068 1179 1105 1235 ad
1115 1189 1141 1230 ιο

175 1261 227 1319 iter
239 1259 326 1336 parati
338 1278 434 1316 omnes
447 1270 547 1316 esseut.
578 1259 720 1316 Proiectus
733 1270 814 1316 nocte
828 1258 903 1314 flexit
917 1258 945 1313 iu
959 1256 1106 1313 Picenum.

176 1339 214 1396 Et
237 1336 332 1397 consul
352 1337 471 1410 quidem,
491 1337 599 1409 quantis
620 1337 746 1392 maximis
772 1336 916 1392 itineribus
935 1345 1048 1410 poterat,
1069 1332 1105 1390 nd

177 1417 311 1492 collegam
332 1414 459 1485 ducebat,
480 1413 576 1471 relicto
597 1414 636 1475 Q.
651 1415 731 1471 Catio
744 1415 843 1489 legato,
857 1414 904 1488 qui
924 1413 1021 1470 castris
1039 1430 1107 1487 pro·

178 1505 259 1554 esset.

216 1650 323 1710 XLIV.
343 1649 443 1706 Rome
456 1647 529 1706 haud
539 1649 630 1706 minus
640 1649 750 1706 terroris
764 1667 797 1704 ac
808 1645 1106 1720 tumultuoseqqaam
1116 1659 1141 1699 rs

181 1728 270 1784 fuerat
285 1726 396 1782 biennio
408 1727 482 1792 ante,
505 1746 591 1800 quum
614 1738 704 1783 castra
717 1724 823 1782 Punica
842 1726 951 1800 objecta
971 1724 1110 1782 Romania

178 1804 465 1876 moenibusportisque
489 1803 612 1860 suerent:
643 1821 732 1876 neque
755 1803 821 1860 setis
841 1803 985 1860 constabat
997 1803 1108 1870 animis,
1150 1847 1155 1864 ,

179 1893 236 1942 tam
259 1881 349 1938 audax
361 1879 412 1936 iter
424 1880 546 1936 consulis
557 1879 702 1938 laudarent
715 1881 945 1955 vituperarentne.
985 1881 1109 1955 Appare-

180 1960 227 2016 bat
253 1955 411 2036 (quo'nilril
435 1956 555 2030 iniquius
567 1961 621 2036 est)
646 1978 681 2014 ex
700 1975 799 2015 eventu
820 1959 919 2016 somam
941 1959 1108 2015 habiturum.

181 2035 400 2110 “Castraprope
423 2035 609 2094 Hannibalern
631 2037 738 2093 hostem
751 2037 848 2094 relicta
869 2038 928 2092 sine
948 2037 1030 2106 duce,
1045 2046 1144 2093 cumb!

182 2115 341 2180 “exercitu
363 2113 408 2170 cui
434 2113 588 2170 detractum
609 2114 678 2171 soret
698 2133 791 2186 omne,
811 2116 883 2188 quod
903 2116 1016 2186 roboris,
1036 2116 1110 2188 quod
1193 2149 1196 2163 ‹

182 2201 200 2230 ‘¹
209 2192 282 2254 floris
296 2191 396 2258 lueritr
416 2191 594 2248 etconsulcm
607 2192 635 2248 in
649 2192 778 2250 Lucanus
786 2193 937 2250 ostendisse
952 2193 1013 2264 iter,
1025 2207 1110 2266 quum

183 2270 346 2329 “Picenum
369 2281 397 2328 ot
421 2269 539 2326 Galliam
564 2281 677 2344 peteret,
704 2282 794 2328 castra
813 2271 1014 2343 relinquentem
1034 2271 1111 2326 nulld

182 2357 201 2386 “
210 2348 261 2406 alia
276 2367 306 2404 re
318 2347 426 2418 tutiore,
439 2348 521 2420 quarn
541 2367 633 2405 errore
652 2349 746 2419 bustis,
767 2349 813 2422 qui
837 2349 937 2404 diruam
950 2348 1015 2404 inde
1029 2357 1112 2422 atque

146 2485 147 2488 ,
183 2434 201 2464 ‘⁶
209 2426 348 2484 exercitiis
360 2436 465 2498 partem
486 2426 582 2482 abesse
602 2426 750 2500 ignoraret„
788 2426 867 2486 Quid
891 2426 1022 2496 futurum,
1046 2427 1068 2481 si
1082 2425 1146 2482 idas

183 2502 300 2577 “paldm
313 2502 382 2560 fiant
404 2514 431 2559 et
445 2514 492 2560 aut
505 2503 611 2577 insequi
625 2505 777 2571 Neronem,
797 2515 862 2560 edm
876 2523 925 2560 sex
937 2503 1057 2559 millibus
1070 2523 1112 2559 ar·

183 2589 202 2616 ‘⁶
211 2591 345 2636 matorum
359 2579 521 2652 profectum,
536 2581 677 2638 Hannibal
698 2593 755 2638 toto
768 2582 891 2638 exercitu
905 2582 978 2652 velit,
992 2591 1039 2637 aut
1051 2599 1112 2636 cas·

183 2666 252 2714 “tra
277 2656 415 2727 inundare,
440 2657 539 2730 praedae
565 2659 669 2723 relicta,
694 2660 753 2714 sine
777 2659 888 2730 viribus,
908 2660 968 2716 sine
988 2658 1111 2732 imperio,

184 2733 270 2794 “sine
284 2732 455 2808 auspiciol”
495 2735 610 2791 Veteres
623 2736 683 2809 ejus
706 2737 770 2792 belli
793 2736 896 2804 clades,
917 2737 972 2794 duc
986 2735 1112 2792 corisules
1139 2743 1144 2756 ‘

182 2813 308 2888 maximo
319 2831 392 2870 suno
405 2812 552 2883 interlecti,
566 2814 722 2870 terrebant:
744 2825 762 2850 ‘⁶
774 2815 810 2870 Et
820 2833 853 2870 ea
864 2817 957 2872 omnia
967 2815 1111 2884 accidisse,
1121 2821 1147 2862 ³¹

185 2900 389 2966 “quumunus
414 2889 569 2964 imperator,
594 2911 665 2948 uuus
686 2893 823 2949 exercitus
843 2893 960 2950 hostium
982 2893 1010 2948 in
1030 2891 1113 2948 ltalia

185 2978 303 3026 “essct:
323 2986 399 3046 nunc
413 2968 467 3024 duo
488 2969 560 3026 b'ells
572 2969 679 3026 Punica
699 2971 780 3034 facta,
795 2972 864 3027 duos
887 2971 1013 3043 ingentes
1034 2979 1113 3024 'erere

186 3045 293 3116 “citus
319 3045 389 3104 duos
409 3046 489 3120 prope*
511 3046 683 3103 Hannibales
703 3049 731 3104 iu
753 3048 835 3105 ltalia
853 3059 932 3104 esse!
963 3045 1063 3119 quippe
1082 3055 1112 3102 et

186 3132 205 3162 “
214 3122 425 3194 Hasdrubalem,
439 3135 514 3198 patre
527 3125 624 3180 eodem
638 3122 796 3182 Hamilcare
818 3125 950 3200 genitum,
965 3123 1041 3196 aequd
1061 3122 1113 3179 im·

187 3199 322 3274 “pigrum
335 3201 435 3258 ducam
449 3221 496 3275 per
514 3211 553 3258 tot
567 3203 594 3257 in
618 3203 754 3277 Hispania
777 3219 863 3260 annos
887 3202 1015 3258 Romano
1036 3203 1149 3257 exors&

188 3286 206 3317 u
214 3277 329 3336 citatum
342 3277 422 3344 bello,
436 3279 547 3354 gemine
560 3280 671 3337 rictcrid
695 3277 840 3356 insignem,
865 3280 972 3336 duobus
985 3278 1114 3336 exerciti-1
1168 3338 1171 3342 ,

188 3355 267 3412 «nus
280 3373 345 3410 oum
357 3355 518 3414 clarissimis
529 3357 647 3414 ducibus
659 3359 765 3416 deletis.
795 3358 869 3415 Nam
882 3358 989 3414 itineris
1001 3356 1113 3430 quidem

189 3441 208 3470 ‘⁴
216 3432 355 3490 celeritate
368 3452 403 3489 err
416 3433 562 3508 Hispanid,
575 3445 603 3492 et
614 3437 759 3493 concitatis
779 3437 814 3492 ad
833 3449 910 3492 arms
921 3434 1036 3512 Gallicis
1048 3451 1115 3509 germ

189 3511 299 3580 “tibus
313 3507 399 3567 multd
412 3512 507 3585 magis,
524 3515 609 3586 quam
623 3515 808 3570 Hannibalern
822 3514 922 3587 ipsum,
931 3513 1040 3586 gloriari
1054 3529 1115 3586 pos·
1216 3557 1221 3566 .

190 3593 265 3642 “soz
292 3587 392 3661 quippe
404 3585 433 3642 in
456 3588 491 3644 iis
509 3589 577 3646 locis
591 3591 665 3650 hunc
688 3593 811 3666 coegisse
833 3592 994 3662 exercitum,
1014 3590 1148 3664 quibus&

189 3662 263 3718 “illo
275 3664 406 3738 majorem'
418 3674 523 3737 partem
537 3667 653 3727 militum
676 3669 747 3724 same
768 3687 801 3724 ao
813 3667 923 3740 frigore,
946 3685 1007 3742 que
1020 3667 1114 3724 miser·
1195 3727 1197 3732 ,

190 3738 288 3798 “rima
306 3739 399 3800 mortis
409 3758 514 3816 genera
535 3755 607 3811 suut,
631 3745 791 3802 amisisset.”
832 3745 1011 3820 Adjiciobsnt
1029 3744 1114 3802 otiam

1293 3321 1296 3418 t
